4700 5772
1199 637 1240 700 14
1737 651 1749 684 0

524 807 587 872 Sed
608 807 776 872 redeamus
798 807 840 870 ad
863 804 1010 888 Sapphus
1033 807 1253 872 imitationem.
1297 805 1432 870 Lesbiae
1456 805 1540 872 illius
1563 805 1706 888 poetriae
1729 807 1874 890 exemplo
1896 805 2046 872 Catullus

398 907 530 973 Veneris
549 907 674 973 stellam
694 907 735 974 ab
752 907 878 992 Olympi
901 916 934 971 et
953 906 1053 973 Oetae
1074 909 1157 991 iugis
1180 909 1337 973 orientem
1359 909 1444 984 lecit,
1468 915 1505 972 ut
1527 907 1723 974 Schmidtius
1745 909 1825 974 scite
1847 907 2045 973 observavit:

398 1010 484 1090 qnod
516 1009 673 1086 Catullus,
708 1010 824 1092 inquit,
860 1008 1037 1091 Hesperum
1071 1031 1091 1074 a
1121 1009 1288 1075 iuvenibus
1322 1008 1560 1092 virginibusque
1595 1029 1692 1091 super
1726 1009 1860 1094 Olympo
1893 1016 1927 1072 et
1959 1009 2046 1073 Oeta

398 1110 558 1176 montibus
580 1111 719 1194 conspici
740 1111 841 1186 linxit,
865 1111 924 1175 hoc
946 1133 1018 1175 oum
1031 1118 1069 1174 ut
1083 1111 1243 1176 hominem
1260 1111 1438 1176 Romanum
1458 1131 1519 1176 non
1536 1110 1696 1174 facturum
1714 1109 1813 1176 fnisse
1834 1111 2042 1188 arbitramur,

398 1211 457 1274 nisi
487 1212 572 1275 idem
602 1213 688 1293 apud
712 1211 839 1295 Sappho
869 1214 1073 1295 repperisset.
1119 1213 1230 1294 Neque
1259 1213 1399 1278 alienum
1428 1233 1496 1276 osse
1526 1212 1567 1276 ab
1595 1213 1714 1276 usitato
1737 1211 1915 1295 Sapphicae
1936 1212 2045 1294 poesis

397 1333 485 1376 more
508 1311 640 1394 Vesperi
671 1321 776 1380 ortum
805 1315 847 1378 ad
877 1314 947 1378 loca
976 1314 1082 1396 aliquo
1111 1315 1206 1379 modo
1230 1313 1377 1378 ¹celebria
1408 1313 1541 1390 referre,
1575 1313 1663 1378 velut
1688 1315 1730 1378 ad
1753 1314 1923 1396 Olympum
1946 1313 2044 1376 etad

398 1413 512 1478 Oetam
535 1414 690 1479 Weberus
718 1415 750 1500 (l.
774 1415 794 1478 l.
818 1437 848 1496 p.
872 1417 912 1480 86
935 1421 997 1500 sq.)
1029 1416 1195 1498 aptissime
1229 1415 1457 1497 comprobavit.
1509 1414 1650 1480 Dubium
1682 1423 1790 1480 autem
1823 1435 1892 1482 esse
1923 1421 2040 1497 potest,

396 1523 505 1580 utrum
520 1515 663 1582 Catullus
687 1517 720 1580 id
742 1517 828 1600 quod
850 1518 881 1581 iu
905 1539 952 1581 vv.
969 1519 1011 1582 34
1033 1539 1080 1599 sq.
1104 1523 1153 1602 („.
1178 1568 1184 1582 .
1210 1569 1216 1582 .
1242 1568 1248 1582 .
1273 1539 1353 1600 quos
1376 1518 1462 1581 idom
1484 1538 1579 1600 saepe
1602 1525 1771 1592 revertens,
1795 1516 1947 1600 Hespore,
1970 1537 2041 1578 rnu-

398 1625 465 1681 tato
488 1619 688 1699 comprendis
711 1619 837 1682 nomine
854 1617 974 1696 Eous“)
996 1617 1035 1680 de
1056 1617 1197 1700 Hespero
1220 1619 1394 1701 eodemque
1419 1619 1483 1684 Eoo
1506 1620 1661 1700 seriptum
1683 1619 1827 1682 videmus
1854 1617 1979 1682 novarit
1999 1637 2041 1680 an

398 1719 461 1782 iam
483 1721 569 1801 apud
592 1719 719 1802 Sappho
742 1725 1024 1784 commemoratum
1054 1721 1218 1784 invenerit.
1264 1719 1355 1796 Nam,
1378 1721 1405 1785 si
1429 1720 1641 1784 Schmidtium
1664 1720 1775 1784 audire
1797 1719 1949 1794 volumus,
1980 1717 2040 1782 etsi

397 1821 638 1902 disceptabatur
667 1842 687 1885 a
715 1819 883 1898 veteribus,
914 1821 985 1902 quis
1015 1821 1137 1903 primus
1167 1823 1444 1886 animadvertisset
1473 1821 1646 1885 dixissctve
1676 1819 1854 1902 Hesperum
1884 1827 1917 1884 et
1946 1819 2040 1883 Luci-

397 1921 500 1984 ferum
522 1923 657 1985 eundem
680 1943 758 1996 esse,
789 1943 880 1986 nemo
902 1929 1009 1986 tamen
1032 1943 1134 2003 neque
1158 1922 1286 2004 Sappho
1310 1944 1411 2004 neque
1434 1943 1626 2004 quemquam
1647 1921 1708 1986 hac
1738 1922 1950 2003 antiquiorem
1973 1922 2040 1986 eius

396 2021 443 2084 rei
466 2029 630 2086 auctorem
651 2023 802 2100 laudavit,
826 2023 883 2086 sed
905 2031 963 2086 aut
983 2021 1197 2106 Pythagoram
1219 2029 1275 2086 aut
1291 2021 1513 2086 Parmenidem
1535 2030 1592 2088 aut
1613 2022 1745 2107 Ibycum
1767 2025 1940 2088 nommant.
1979 2021 2041 2086 Sed

397 2142 482 2198 cum,
512 2129 549 2186 ut
571 2122 831 2188 Wilamowitzius
859 2125 904 2208 (iu
932 2123 1069 2188 Hermae
1092 2123 1197 2187 XIIII
1224 2145 1255 2206 p.
1278 2125 1353 2206 417)
1387 2123 1567 2202 confirmat,
1602 2126 1664 2188 iam
1698 2125 1811 2208 priscis
1844 2123 2041 2207 temporibus

397 2221 575 2305 Hesperum
597 2231 630 2287 ot
645 2224 746 2288 Eoum
768 2226 852 2289 idem
875 2245 943 2290 esse
966 2227 1055 2290 sidus
1079 2227 1240 2308 cognitum
1263 2225 1376 2289 Graeci
1399 2223 1580 2304 habuerint,
1604 2226 1684 2290 nihil
1707 2227 1850 2308 impedit,
1873 2227 2041 2308 quominus

397 2326 481 2389 idern
504 2327 567 2390 iarn
591 2327 719 2410 Sappho
743 2329 868 2392 novisse
891 2336 924 2391 et
945 2330 1064 2393 dlxIsse
1087 2329 1144 2392 sed
1165 2336 1203 2391 ut
1224 2349 1291 2391 rom
1313 2329 1419 2392 minus
1442 2328 1660 2411 pervulgatam
1681 2337 1844 2410 putemus,
1868 2347 1970 2410 noque
1991 2327 2040 2390 iu·

398 2427 549 2492 credibile
571 2436 620 2493 est
643 2429 770 2512 Sappho
794 2430 826 2492 iu
848 2429 905 2493 illa
933 2432 1214 2512 grauunaticorum
1243 2430 1431 2512 quaestione
1460 2451 1534 2494 casu
1568 2430 1716 2494 omissam
1751 2449 1829 2493 esse.
1877 2429 1957 2494 Sunt
1985 2429 2041 2510 qui

397 2550 470 2592 curn
485 2529 657 2594 Leutschio
679 2530 737 2595 hos
755 2551 865 2594 vorsus
888 2551 926 2594 ex
948 2532 1169 2595 recordatione
1184 2531 1245 2594 loci
1263 2529 1447 2594 Callimachi
1471 2529 1600 2596 fluxisse
1623 2530 1684 2594 sibi
1706 2531 1931 2613 persuaserint,
1954 2530 2041 2612 apud

396 2651 491 2712 quem
513 2630 593 2694 haec
615 2632 818 2695 inveniuntur
840 2631 989 2715 (Hecales
1011 2631 1049 2695 fr.
1073 2633 1142 2712 52J:

769 2753 884 2820 Ἡνίκο
907 2755 967 2836 μὲν
991 2756 1050 2838 γὰρ
1071 2755 1170 2820 ταύτὰ
1196 2757 1363 2842 φαείνεται
1384 2755 1624 2840 ἀνθρώποισιν,

775 2855 869 2921 αὐτοὶ
892 2857 950 2938 μὲν
973 2858 1130 2944 qudaovo',
1153 2857 1245 2921 αὐτοὶ
1269 2857 1305 2920 δέ
1326 2879 1362 2920 τε
1384 2853 1593 2944 πεφρίκασιν·

776 2957 946 3042 Ἑοπὲριον
969 2961 1129 3046 φιλέουσι,
1153 2960 1236 3038 ἀτὰρ
1258 2963 1446 3040 στογέουοτν
1464 2957 1577 3026 Ἓώον,

396 3092 478 3153 quae
510 3069 607 3134 verba
634 3071 810 3149 Bentleius,
828 3071 868 3134 de
898 3071 985 3135 novis
1019 3071 1144 3134 maritis
1179 3070 1350 3153 intellegit,
1386 3077 1497 3134 contra
1526 3071 1562 3135 Ο.
1596 3069 1809 3134 Schneiderus
1840 3071 1900 3155 lin:
1934 3070 2039 3146 ,Calli-

396 3174 538 3237 machea‘
565 3172 748 3254 upana)
777 3175 815 3238 iis
838 3173 1002 3237 hominum
1033 3173 1200 3236 doctorum
1229 3174 1268 3236 de
1298 3173 1479 3254 aequalium
1512 3172 1662 3254 operibus
1694 3173 1849 3236 iudicium
1882 3171 2039 3236 fluctuans

397 3284 430 3339 ot
451 3296 577 3357 semper
597 3274 752 3339 mutabile
774 3273 948 3356 significari
971 3275 1143 3338 existimat.
1183 3275 1245 3338 Sed
1268 3296 1330 3356 quo
1352 3275 1447 3339 modo
1471 3295 1594 3356 cunque
1619 3273 1825 3355 intelligenda
1846 3281 1930 3350 sunt,
1954 3281 2038 3338 certe

397 3379 424 3442 is
447 3379 502 3459 qui
523 3378 589 3440 veri
612 3375 747 3442 sinulius
770 3377 859 3439 ducit
882 3375 1041 3439 Catullum
1063 3397 1234 3440 memorem
1267 3375 1364 3440 fuisse
1391 3376 1486 3440 huius
1513 3376 1573 3440 loci
1597 3375 1801 3440 Callimachei
1828 3397 1925 3457 quarn
1952 3375 2038 3440 simi-

395 3479 475 3542 lium
496 3500 644 3543 versuum
667 3476 814 3560 Sapphus
837 3475 971 3541 fortuito
994 3479 1194 3558 perditorum
1223 3498 1285 3540 nou
1313 3477 1405 3541 facile
1428 3479 1545 3559 poterit
1567 3478 1677 3543 refelli.
1724 3477 1783 3541 l'ix
1806 3485 1913 3541 autem
1936 3475 2035 3540 credi-

396 3581 497 3644 derim
520 3581 617 3643 ctiam
639 3579 792 3660 Meleagri
816 3579 1012 3660 epigramma
1033 3577 1094 3642 hoc
1117 3580 1278 3642 imitatum
1302 3599 1371 3640 esse
1388 3578 1557 3656 Catullum,
1580 3580 1665 3660 quod
1681 3578 1834 3643 Boninius
1859 3600 1896 3641 ex
1918 3575 2035 3642 anthol.

395 3684 461 3748 l'al.
484 3683 512 3746 V
536 3685 596 3747 172
619 3683 725 3746 affert:

704 3805 842 3890 'Op-Spa,
865 3810 897 3869 τί
920 3829 987 3886 μοι,
1010 3801 1195 3890 δοοέραοτε,
1218 3809 1314 3885 ταχὺς
1337 3803 1416 3887 περὶ
1438 3811 1552 3868 κοῖτον
1575 3803 1723 3884 ἐπέστης,

796 3907 870 3990 ἄρτι
893 3904 988 3996 φίλος
1010 3913 1142 3990 Δημοῦς
1163 3906 1266 3989 χρωτὶ
1288 3909 1522 3987 χλιαινομὲνῳ,·

711 4008 788 4074 εἴθε
811 4012 909 4074 πάλιν
931 4015 1072 4090 στρέψας
1094 4015 1228 4090 ταχινὸν
1251 4009 1374 4094 δρόμον
1387 4007 1552 4088 Ἕσπερος
1575 4007 1658 4092 εἴης,-

797 4103 822 4176 ui
846 4113 939 4194 γλυκὺ
962 4119 1034 4200 τοῖς
1056 4115 1183 4196 βάλλων
1205 4112 1251 4188 εἰς
1272 4111 1328 4195 ἐμὲ
1352 4115 1555 4195 πικρότατον.

710 4211 769 4298 ἤδη
791 4213 848 4298 γὰρ
870 4214 925 4279 καὶ
947 4219 1101 4296 πρόσθεν
1124 4214 1177 4278 ἐπ’
1195 4213 1372 4298 Ἀλκμήνην
1396 4217 1475 4289 Διὸς
1498 4204 1596 4300 ἦλθες

794 4315 916 4391 ἀντίος·
940 4317 997 4379 οὐκ
1020 4316 1124 4404 coepe
1145 4315 1218 4381 ἐσσὶ
1242 4316 1486 4396 πολινδρομίης.

522 4445 632 4528 Neque
655 4445 788 4508 laudaro
810 4466 940 4526 possum
963 4445 1162 4520 Koechlinm,
1194 4446 1248 4526 qui
1272 4445 1304 4528 (l.
1328 4445 1348 4508 l.
1372 4467 1403 4526 p.
1429 4445 1504 4526 198)
1528 4443 1674 4525 Sapphus
1697 4443 1878 4526 fragmenta
1898 4444 1930 4507 in
1954 4465 2039 4508 com-

394 4548 594 4630 parationem
617 4548 834 4630 auxiliumquo
857 4569 972 4612 vocans
995 4548 1037 4610 ad
1065 4545 1254 4628 explendam
1283 4546 1431 4608 lacunam
1459 4554 1533 4627 post
1555 4567 1581 4609 v.
1605 4547 1645 4609 32
1668 4551 1825 4610 statutam
1849 4545 1907 4610 hos
1929 4566 2038 4610 vorsus

395 4671 451 4714 suo
475 4648 608 4713 arbitrio
631 4648 721 4713 lecit:

615 4769 666 4831 32.
713 4767 894 4850 ,Hesperus
918 4789 934 4830 e
956 4767 1058 4842 nobis,
1083 4764 1240 4846 aequales,
1265 4763 1401 4827 abstulit
1421 4774 1546 4832 unam.“

713 4869 873 4951 ,uesper-e,
898 4877 1013 4932 cuncta
1035 4869 1150 4944 aufers,
1176 4867 1236 4930 nisi
1260 4889 1341 4948 quae
1365 4869 1510 4931 custodia
1532 4873 1658 4930 servat}

900 4975 1092 5052 (sequuntur
1113 4968 1230 5032 Catulli
1253 4991 1300 5032 vv.
1324 4970 1450 5032 39-35
1472 4971 1517 5050 et)

711 5073 844 5154 Hymen,
868 5094 886 5138 o
909 5073 1100 5156 Hymenaee,
1126 5070 1250 5153 Hymen
1275 5125 1280 5137 .
1306 5121 1312 5134 .
1338 5121 1344 5134 .
1370 5121 1376 5133 .
