4700 5772
1167 630 1206 692 12

363 805 465 881 nupta
486 799 596 864 iamin
614 819 686 862 eum
708 799 847 862 deducta
864 797 1071 862 canebantur.
1107 798 1240 882 Saepius
1257 805 1365 864 autern
1384 799 1443 864 has
1459 819 1552 864 voees
1567 805 1634 863 tarn
1649 799 1829 882 promiscue
1845 799 2007 864 adhibitas

364 921 443 978 esse,
465 907 503 964 ut
522 900 629 964 omnia
648 900 682 964 in
703 900 824 982 nuptiis
847 900 1021 964 decantata
1039 900 1181 964 earmina
1196 905 1253 964 aut
1268 899 1434 982 hymenaei
1455 907 1512 964 aut
1528 899 1735 983 epithalamia
1757 901 2006 976 nominarentur,

364 1009 451 1066 recte
480 1001 720 1066 affirmaverunt
740 999 939 1084 Hartungius
966 999 1132 1085 (Philolog.
1155 999 1287 1066 111238
1310 1004 1374 1084 sq.)
1404 1009 1437 1066 et
1465 1001 1595 1068 Paulina
1624 1001 1906 1086 (Real-Eucyhlop.
1930 1023 1955 1066 s.
1979 1025 2006 1066 v.

364 1103 628 1189 epithalamium).
673 1103 786 1185 ltaque
809 1123 881 1166 oum
903 1101 1026 1166 nullum
1055 1108 1159 1167 exstet
1181 1104 1363 1185 vestigium,
1394 1105 1479 1168 unde
1508 1111 1665 1187 appareat
1686 1105 1834 1168 iuuenum
1857 1112 1889 1168 et
1912 1105 2008 1186 virgi-

364 1227 440 1270 uum
462 1205 594 1270 chorum
616 1225 766 1287 sponsam
788 1205 897 1285 spousi
920 1205 1051 1268 domum
1073 1205 1258 1268 comitatum
1276 1211 1419 1270 essesut
1437 1211 1512 1270 ante
1535 1205 1712 1269 thalamum
1734 1205 1858 1287 sponsis
1881 1207 1913 1270 in
1936 1227 2009 1270 eum

363 1309 428 1371 iam
449 1307 600 1390 ingressis
624 1312 779 1382 cantasse,
809 1304 883 1368 huie
906 1304 1039 1368 carmini
1061 1304 1111 1368 vel
1133 1325 1246 1370 nomen
1272 1304 1483 1388 hymenaeum
1509 1305 1559 1370 rel
1582 1305 1824 1390 epithalamium
1846 1309 2008 1390 imponere

363 1407 447 1473 licet.
501 1407 563 1472 Sed
597 1429 668 1471 cum
698 1405 913 1484 Quintilianus
947 1407 1034 1490 (inst.
1065 1428 1110 1470 or.
1141 1404 1187 1470 IX
1215 1408 1245 1484 3,
1277 1409 1330 1490 16)
1364 1428 1489 1472 versum
1520 1409 1681 1490 quendam
1708 1429 1747 1472 ex
1775 1409 1836 1474 hoc
1868 1409 2009 1473 carmine

363 1511 499 1575 laudans
522 1509 677 1586 ,Catullus
700 1509 732 1572 in
756 1507 971 1589 epithalamio‘
996 1509 1114 1572 dixerit
1134 1514 1267 1586 etcum,
1291 1530 1485 1592 quamquam
1507 1509 1541 1572 id
1563 1510 1694 1592 quidem
1714 1511 1846 1576 minoris
1870 1517 1919 1575 est
1940 1531 2009 1574 mo-

362 1612 463 1676 menti
486 1611 554 1696 (cfr.
573 1609 660 1677 Ellis.
681 1609 820 1692 prolegg.
842 1630 873 1691 p.
894 1609 960 1692 47),
985 1609 1084 1674 codex
1106 1608 1276 1674 Thuaneus
1303 1611 1543 1693 inscriptionem
1569 1612 1652 1676 ferat
1674 1611 1926 1694 ,epithalamium
1949 1611 2010 1676 Ca-

364 1713 456 1790 tulli‘,
480 1711 669 1777 Oxoniensis
691 1711 723 1774 in
747 1709 913 1774 intervallo
937 1711 1021 1773 inter
1044 1731 1070 1774 c.
1088 1709 1159 1776 LXI
1182 1718 1215 1774 et
1237 1710 1325 1775 LXII
1348 1712 1447 1776 facto:
1470 1711 1621 1795 ,Explicit
1643 1713 1893 1796 epithalamium‘
1916 1733 2009 1796 prae-

362 1814 447 1892 beat,
471 1835 529 1897 ego
550 1815 583 1877 in
605 1813 755 1878 carminis
778 1811 1012 1894 significatione
1035 1812 1181 1894 eligenda
1201 1813 1348 1895 partibus
1372 1813 1561 1890 Quintiliani
1583 1817 1710 1879 accedo.

493 1916 666 1982 Veniamus
689 1917 732 1980 ad
753 1915 888 1980 alteram
912 1923 1041 1981 nostrae
1064 1917 1326 1998 quaestiunculae
1349 1923 1483 2000 partem,
1513 1937 1578 1998 qua
1599 1917 1678 1998 quid
1701 1917 1740 1980 de
1763 1915 1879 1980 Catulli
1903 1917 2010 1980 imita-

364 2018 450 2082 tione
463 2018 657 2082 Graecorum
671 2021 840 2100 petitarum
856 2015 1064 2082 statuendum
1080 2020 1124 2083 sit
1138 2017 1279 2082 breviter
1296 2017 1558 2084 examinabimus.
1593 2019 1639 2082 Ao
1654 2019 1794 2100 primum
1807 2019 1937 2100 quidem
1950 2017 2010 2082 Ca-

363 2118 488 2196 tullum,
508 2126 545 2182 ut
560 2119 702 2202 priorum
719 2119 781 2182 arti
799 2119 945 2200 poeticae
960 2119 1031 2182 rudi
1048 2127 1146 2201 atque
1163 2119 1312 2183 horridae
1329 2118 1576 2201 splendidiorem
1593 2119 1779 2184 conciliaret
1794 2127 1943 2184 ornatum
1959 2126 2009 2183 at

365 2241 426 2301 que
444 2219 643 2302 elegantiam,
661 2221 702 2282 ad
714 2220 822 2284 studia
836 2205 1030 2284 Graecorum
1042 2223 1220 2301 poetarum,
1237 2221 1356 2303 quippe
1368 2221 1423 2302 qui
1436 2221 1521 2284 omui
1538 2220 1605 2284 lere
1622 2222 1726 2303 poesis
1743 2241 1858 2302 genere
1875 2221 2010 2284 excelle-

364 2329 445 2398 rent,
469 2342 503 2387 se
526 2321 699 2386 contulisse
722 2321 801 2386 satis
824 2328 946 2385 eertum
970 2327 1020 2385 est
1041 2327 1075 2384 et
1097 2321 1306 2404 exploratum.
1351 2321 1462 2403 Neque
1485 2320 1587 2386 solum
1603 2321 1835 2387 Alexandrinos
1857 2324 2011 2386 maxime-

365 2443 426 2505 que
447 2422 685 2500 Callimachum,
709 2423 763 2504 qui
785 2424 904 2504 optimo
928 2423 996 2486 iure
1012 2423 1153 2487 omnium
1169 2425 1237 2488 eius
1259 2425 1375 2488 aetatis
1393 2424 1495 2486 instar
1515 2427 1684 2505 poetarum
1706 2424 1878 2502 iudicatur,
1902 2445 2010 2488 rerum

365 2525 463 2588 etiam
485 2525 681 2606 antiquiores
704 2523 898 2588 Graecorum
926 2527 1039 2605 poetas
1067 2524 1224 2606 imprimis
1248 2524 1390 2606 Sappho,
1425 2525 1581 2588 decimam
1604 2523 1729 2590 Musam
1759 2545 1856 2606 quam
1885 2517 2008 2594 rodant.

355 2627 543 2709 'sequendos
566 2626 627 2691 sibi
649 2626 823 2708 proposuit.
869 2623 1009 2700 Quorum
1032 2626 1175 2706 vestigiis
1197 2626 1384 2708 plenumque
1398 2647 1564 2709 prospere
1587 2627 1750 2709 ingressus
1773 2633 1823 2690 est
1845 2634 1941 2709 atque
1962 2628 2008 2688 ita

364 2735 402 2790 ut
429 2749 521 2792 suam
550 2733 693 2792 servaret
721 2734 869 2790 naturam
902 2727 1204 2809 proprietatemque.
1250 2727 1375 2803 Quanto
1410 2733 1517 2792 autem
1550 2729 1657 2793 studio
1691 2728 1821 2811 Sappho
1852 2729 2005 2810 poetriam

364 2829 529 2912 amplexus
548 2831 599 2906 sit,
624 2850 696 2892 oum
713 2849 752 2892 ex
769 2849 805 2891 eo
821 2827 926 2908 colligi
946 2834 1061 2910 potest,
1084 2829 1171 2909 quod
1187 2827 1328 2909 puellam
1347 2849 1448 2906 suam,
1471 2829 1615 2894 Clodiam
1631 2829 1718 2893 illam
1736 2828 2004 2912 quadrantariam,

364 2931 439 2995 ficto
462 2931 587 2994 nomine
609 2928 745 2994 Lesbiae
767 2929 968 3010 potissimum
986 2929 1154 2992 adornavit
1170 2937 1203 2994 et
1218 2929 1358 3013 puellam
1376 2930 1506 2995 Caecilii
1529 2932 1622 2995 amici
1645 2932 1704 3010 sui,
1728 2939 1765 2996 nt
1787 2930 1915 2998 summis
1937 2929 2006 2993 lau-

365 3032 459 3097 dibus
487 3053 557 3095 eam
587 3030 723 3108 efferret,
748 3029 909 3113 Sapphica
930 3029 1024 3096 Musa
1050 3031 1225 3096 doctiorem
1255 3032 1429 3116 appellavit
1456 3043 1498 3110 (c.
1521 3033 1572 3109 35,
1597 3035 1635 3096 16
1658 3035 1729 3118 sq),
1760 3043 1829 3098 tum
1857 3052 1894 3096 eo
1923 3051 2008 3096 com-

364 3133 533 3217 probatur,
564 3133 650 3214 qnod
679 3132 904 3196 suavissimum
937 3133 1015 3196 illud
1051 3154 1178 3198 carmen
1202 3134 1349 3216 Sapphus
1378 3135 1443 3218 (od.
1467 3135 1500 3216 2)
1529 3134 1595 3198 fere
1623 3135 1665 3198 ad
1690 3135 1822 3198 uerbum
1844 3140 1878 3197 et
1899 3133 2010 3198 eodem

364 3243 466 3300 metro
490 3235 647 3316 expressit
668 3239 708 3314 (c.
733 3234 797 3314 51).
843 3232 985 3298 Primum
1012 3236 1147 3318 denique
1178 3256 1250 3300 enm
1272 3235 1433 3317 stropham
1459 3235 1651 3318 Sapphicam
1674 3237 1706 3298 in
1729 3235 1877 3300 Latinam
1899 3235 2010 3318 poesin

364 3336 568 3402 transtulisse
598 3341 631 3399 et
659 3341 798 3398 metrum
819 3335 1065 3418 Asclepiadeum
1098 3339 1200 3402 maius
1224 3337 1352 3419 Sappho
1385 3344 1516 3402 auctore
1545 3338 1578 3400 iu
1605 3357 1631 3403 c.
1655 3339 1697 3400 30
1725 3357 1898 3419 usurpasse
1931 3337 2010 3402 satis

364 3443 498 3503 constat.

463 3517 469 3530 ⁵
491 3537 603 3620 Neque
626 3538 768 3614 deerant,
792 3538 846 3619 qui
870 3537 1039 3616 Catullum,
1063 3561 1136 3602 cum
1158 3539 1217 3603 hoc
1240 3539 1484 3621 epithalamium
1504 3547 1715 3622 componeret,
1740 3539 1888 3621 Sapphus
1905 3561 2011 3604 exem-

363 3641 435 3724 plar
457 3640 620 3723 quoddam
642 3638 792 3703 habuisse
815 3645 889 3702 ante
911 3640 1019 3704 oculos
1042 3647 1217 3718 censerent,
1240 3641 1275 3704 id
1297 3641 1383 3722 quod
1406 3642 1527 3722 primus
1550 3643 1731 3723 suspicatus
1756 3649 1805 3707 est
1825 3641 1849 3707 Ι.
1867 3641 2010 3718 Vossius,

364 3743 420 3824 qui
449 3744 495 3826 (in
519 3742 595 3808 edit.
620 3761 648 3806 a.
673 3741 753 3804 1591
777 3763 808 3822 p.
834 3741 909 3817 189)
939 3739 1019 3804 haec
1049 3742 1227 3806 adnotavit:
1261 3742 1512 3824 Epithalamium
1535 3745 1575 3807 de
1594 3743 1747 3826 Hespero,
1771 3745 1848 3825 quin
1872 3764 1910 3806 ex
1931 3744 2011 3826 Sap-

364 3843 469 3925 phone
505 3844 668 3907 redditum
698 3843 753 3919 sit,
794 3841 925 3904 minime
955 3848 1005 3905 est
1034 3842 1257 3908 dubitandum.
1310 3844 1411 3920 Quam
1445 3846 1636 3910 seutentiam
1668 3845 1813 3910 homiues
1846 3846 1932 3909 docti
1966 3847 2012 3908 ita

364 3948 466 4012 secuti
496 3952 581 4023 sunt,
611 3952 649 4010 ut
670 3945 725 4008 alii
754 3943 817 4008 hoc
846 3965 974 4008 carmen
1003 3944 1154 4026 Sapphici
1185 3945 1318 4010 alicuius
1341 3947 1508 4030 hymenaei
1532 3947 1710 4028 exemplum
1733 3946 1847 4011 Latino
1869 3968 2012 4012 sermone

364 4069 433 4113 esse
456 4049 578 4130 optima
599 4047 663 4111 fide
685 4047 849 4110 redditum
871 4047 1109 4124 contenderent,
1140 4048 1194 4112 alii
1218 4047 1378 4112 Catullum
1407 4049 1503 4114 huius
1526 4049 1676 4112 carminis
1700 4048 1834 4112 formam
1856 4048 1957 4114 solam
1980 4057 2013 4111 et

364 4157 586 4230 argumentum
609 4170 629 4212 a
651 4147 779 4230 Sappho
800 4154 984 4211 mutuatum
1007 4169 1076 4212 esse
1098 4155 1287 4215 statuerent.

492 4249 555 4314 Sed
577 4255 735 4331 quatenus
758 4247 819 4312 hoc
841 4248 1084 4330 epithalamium
1106 4250 1146 4313 ad
1171 4250 1329 4314 Graecum
1358 4250 1489 4332 aliquod
1519 4251 1681 4333 exemplar
1702 4251 1869 4329 referatur,
1900 4257 1937 4314 ut
1959 4271 2011 4314 ac-

365 4351 507 4415 curatius
530 4371 767 4432 cognosoamus,
791 4350 855 4412 iam
878 4351 1004 4432 singula
1025 4351 1301 4433 perlustrabimus.

492 4453 537 4516 Ac
567 4452 706 4534 primum
728 4451 878 4534 Sapphus
908 4452 1188 4534 epithalamiorum
1219 4455 1415 4537 peculiarem
1448 4453 1567 4520 librum
1595 4454 1693 4520 fuisse
1717 4455 1844 4520 Servius
1873 4460 2013 4519 testatur

364 4555 405 4617 ad
427 4552 521 4636 Verg.
545 4575 650 4636 georg.
674 4554 689 4617 Ι
717 4555 756 4619 31
791 4553 872 4618 haec
905 4555 1077 4620 adnotans:
1111 4577 1263 4638 generum
1297 4577 1371 4620 vero
1400 4575 1458 4637 pro
1487 4557 1604 4621 marito
1634 4559 1775 4638 positum
1803 4557 1897 4620 multi
1927 4556 2012 4620 acci·

364 4656 457 4738 piunt
474 4651 569 4720 'iuxta
591 4655 729 4738 Sapph0,
754 4675 836 4737 quae
857 4655 890 4718 in
911 4653 1004 4733 libro,
1028 4657 1083 4738 qui
1105 4657 1288 4720 incribitur:
1312 4660 1538 4742 Ἐπιθαλάμια,
1561 4659 1621 4722 ait:

912 4769 1018 4846 χαῖρε,
1041 4768 1165 4850 νύμφα,

914 4872 1021 4946 χαῖρε,
1044 4869 1131 4944 ripeta
1154 4869 1287 4948 γάμβρε,
1311 4867 1418 4930 πόλλα

364 4964 437 5030 ἀντὶ
459 4971 520 5032 τοῦ
541 4969 670 5054 νύμφη.
715 4959 840 5025 Horum
862 4981 934 5025 vcro
957 4961 1236 5043 epithalamiorum
1257 4969 1369 5026 tenues
1396 4963 1568 5026 admodum
1590 4961 1744 5043 reliquiae
1769 4961 1860 5026 nobis
1886 4969 2014 5027 servata

364 5069 449 5142 sunt,
480 5083 559 5145 quas
589 5062 647 5126 Th.
670 5062 826 5145 Berghius
856 5063 889 5148 (l.
913 5063 934 5127 l.
958 5085 989 5146 p.
1015 5064 1075 5127 119
1098 5066 1160 5145 sq.)
1193 5062 1328 5146 collegit,
1363 5067 1453 5129 cuius
1485 5063 1566 5128 liber
1595 5064 1626 5126 in
1655 5063 1840 5146 liagmentis
1873 5064 2013 5129 laudatis
