4700 5772
1130 647 1150 708 8

317 819 439 878 verunt.
484 813 639 896 Septenos
662 814 937 880 versusWeberus
960 837 1086 898 quoque
1109 815 1236 897 utrique
1259 815 1423 892 adscribit,
1446 817 1503 880 sed
1527 817 1574 880 ita
1595 823 1632 880 ut
1654 837 1778 882 versum
1802 819 1963 900 320001·-

317 921 387 979 tum
420 935 489 980 esse
522 913 672 997 strophae
705 922 806 998 putet.
857 917 1071 982 Rossbachius
1110 925 1280 1000 utramque
1313 918 1479 1000 stropham
1513 939 1661 982 senorum
1694 939 1841 982 versuum
1874 919 1961 994 facit,

316 1017 495 1100 puellarum
517 1019 602 1082 euim
623 1025 773 1100 quartum
795 1040 922 1084 vorsum
944 1041 1014 1086 esse
1038 1019 1203 1101 „Namque
1223 1027 1319 1084 100..
1335 1027 1373 1094 .“‚
1397 1026 1523 1084 sextum
1544 1019 1777 1096 intercalarem,
1801 1027 1834 1084 01
1854 1021 1963 1102 pueris

316 1121 455 1202 primum
488 1127 614 1184 tantum
649 1141 775 1184 versum
803 1122 914 1185 deesse
947 1123 1071 1186 statuit.
1118 1119 1268 1203 l'eiperus
1302 1121 1439 1203 denique
1473 1121 1572 1202 priori
1606 1120 1758 1202 strophae
1790 1124 1811 1185 4
1843 1143 1961 1200 versus,

316 1221 410 1285 alteri
431 1223 526 1303 441
548 1221 580 1285 h.
599 1243 625 1286 e.
642 1223 752 1286 addito
774 1223 1017 1304 epiphonemate
1040 1223 1191 1287 attribuit
1206 1231 1239 1286 et
1255 1222 1388 1286 Hermes
1410 1223 1557 1288 lacunam
1580 1223 1796 1304 septendecim
1818 1223 1963 1288 versibus

316 1322 444 1404 explere
467 1328 598 1388 conatus
622 1329 679 1398 est
703 1344 782 1405 quos
805 1323 851 1388 ita
872 1321 1052 1388 distribuit:

887 1425 1188 1509 1[÷4i]:[.5i]‚
1212 1425 1382 1508 [ui]:oi.

443 1527 566 1590 Harum
588 1527 818 1591 sententiarum
841 1547 923 1608 quae
945 1547 1020 1590 cera
1042 1527 1085 1592 sit
1107 1526 1277 1589 diiudicari
1310 1525 1396 1589 nullo
1425 1526 1520 1589 modo
1541 1531 1658 1607 potest,
1688 1527 1828 1591 maxima
1856 1535 1963 1591 autem

315 1627 525 1710 probabilitas
548 1627 626 1692 mihi
649 1628 778 1709 quidem
799 1628 926 1691 ridetur
946 1629 987 1692 iis
1007 1627 1111 1690 favere
1130 1627 1194 1709 qui,
1218 1633 1255 1690 ut
1273 1627 1409 1701 Riesius,
1433 1625 1573 1702 Ellisius‚
1596 1625 1772 1704 l'uerstius
1795 1628 1961 1710 astipulati

316 1727 518 1793 Froehlichio
541 1729 611 1810 (cfr.
632 1736 720 1792 nunt.
739 1729 853 1794 erudit.
875 1728 1038 1792 Monacen.
1057 1728 1100 1792 XI
1123 1729 1199 1792 fasc.
1224 1730 1284 1792 1311
1307 1735 1340 1791 01
1363 1729 1422 1790 137
1446 1749 1474 1791 a.
1500 1729 1594 1810 1840)
1617 1729 1648 1791 iu
1672 1736 1808 1811 utraque
1830 1728 1964 1811 stropha

316 1836 447 1895 octonos
468 1851 577 1894 versus
600 1837 731 1912 ponunt,
764 1837 800 1892 nt
828 1851 938 1895 versus
961 1831 1002 1893 32
1031 1831 1159 1894 initium
1189 1829 1340 1912 strophae
1362 1829 1420 1904 sit,
1450 1850 1560 1895 uersus
1582 1837 1690 1894 autem
1713 1833 1754 1894 33
1776 1832 1906 1894 tertium
1929 1833 1962 1895 in

316 1930 519 2014 antistropha
541 1932 684 1997 obtineat
705 1932 819 1996 locum.
863 1933 983 2014 Aperte
1006 1933 1090 1995 euim
1110 1933 1222 2014 primis
1245 1930 1388 1996 versibus
1407 1937 1439 1994 et
1454 1933 1674 1996 antecedentis
1692 1940 1724 1996 et
1738 1932 1963 2014 subsequentis

316 2033 520 2116 stropharum
542 2035 628 2115 paris
651 2075 692 2082 —
715 2055 879 2116 compares
903 2034 995 2098 velim
1016 2056 1043 2097 v.
1065 2035 1120 2096 20:
1145 2032 1316 2115 „Hespera
1340 2033 1411 2113 quis
1429 2032 1514 2098 eaelo
1535 2033 1637 2098 fertur
1659 2035 1817 2098 eurdelior
1838 2035 1960 2117 ignis?“

317 2156 389 2198 cum
411 2157 438 2202 v.
462 2138 517 2200 26:
552 2134 724 2217 „Hespero
753 2137 825 2217 quis
853 2135 940 2200 caelo
967 2135 1054 2198 lucet
1077 2135 1246 2198 iucundior
1273 2133 1393 2216 ignis?“
1423 2141 1456 2197 et
1477 2156 1504 2197 r.
1527 2136 1583 2198 39:
1619 2135 1684 2212 „Ut
1705 2135 1764 2200 llos
1786 2137 1818 2198 in
1841 2137 1961 2218 saeptis

316 2243 458 2302 secretus
480 2238 624 2302 nascitur
646 2236 766 2301 hortis·‘
784 2258 856 2300 cum
878 2237 974 2300 aas:
999 2235 1066 2314 „Ut
1084 2236 1180 2299 vidua
1196 2236 1227 2297 in
1251 2237 1336 2298 nudo
1358 2235 1433 2298 vitis
1456 2256 1537 2316 quae
1561 2238 1704 2300 nascitur
1726 2246 1820 2300 arro“
1845 2276 1880 2284 -
1904 2238 1961 2301 do-

318 2358 428 2402 cemur
448 2336 531 2402 hanc
553 2337 788 2420 antistropham
811 2337 851 2402 ab
874 2339 987 2404 eodem
1017 2339 1210 2402 nominativo
1234 2337 1446 2418 „Hesperus“‚
1470 2359 1532 2401 uou
1555 2359 1575 2401 a
1595 2340 1738 2402 vocativo
1769 2339 1960 2421 „Hespe1·e“‚

317 2460 354 2502 ac
384 2439 549 2521 stropham
582 2439 651 2524 (cfr.
675 2462 703 2502 v.
727 2441 782 2502 32:
817 2439 1000 2521 „Hesperus
1023 2460 1040 2502 e
1063 2439 1163 2514 nobis,
1187 2438 1340 2519 aequalis,
1364 2437 1499 2501 abstulit
1520 2447 1651 2519 uuam“)
1676 2439 1802 2503 initium
1825 2443 1961 2523 cepisse;

318 2541 435 2604 deinde
456 2540 582 2606 Riesius
605 2542 673 2626 (cfr.
697 2563 766 2605 nor.
789 2541 894 2606 auual.
917 2540 1027 2624 philol.
1051 2548 1092 2603 et.
1116 2541 1249 2622 paedag.
1273 2539 1343 2604 XCI
1365 2541 1484 2621 03112)
1507 2541 1684 2605 rectissime
1706 2541 1878 2606 affirmavit
1899 2564 1961 2606 nou

317 2663 424 2718 unum,
447 2645 505 2707 sed
526 2646 605 2708 duos
628 2643 848 2725 antistrophae
870 2664 980 2706 versus
1003 2642 1137 2706 amissos
1161 2661 1239 2717 esse,
1267 2663 1402 2723 quorum
1424 2641 1506 2705 alter
1528 2663 1548 2705 a
1570 2643 1667 2706 tertia
1689 2663 1826 2723 persona
1847 2645 1889 2708 ad
1911 2665 1961 2708 se-

317 2744 454 2808 cundam
470 2765 579 2810 versus
595 2747 650 2808 33:
675 2743 840 2827 „Namque
857 2751 911 2808 tuo
935 2745 1071 2808 adventu
1097 2793 1104 2806 .
1130 2792 1136 2806 .
1162 2751 1191 2806 ,⁶⁴
1219 2744 1382 2824 paraverit
1404 2743 1574 2807 transitum
1597 2765 1726 2825 prorsus
1748 2766 1878 2811 neccsse
1901 2753 1960 2810 est.

442 2845 555 2928 Itaque
579 2854 650 2910 octo
674 2867 782 2910 versus
805 2845 1004 2926 complexam
1026 2866 1094 2910 esse
1116 2845 1351 2926 antistropham
1374 2845 1574 2928 eundemque
1597 2868 1761 2910 numerum
1784 2849 1961 2930 aequabili-

291 2943 393 3012 'tatis
417 2969 514 3012 causa
534 2950 565 3011 in
589 2947 724 3029 stropha
745 2968 814 3012 esse
838 2949 1019 3029 ponendum
1043 2948 1127 3011 omni
1151 2946 1378 3029 probabilitate
1403 2947 1617 3010 confirmatur.
1651 2949 1697 3011 Ac
1713 2950 1834 3029 primus
1852 2971 1961 3014 versus

317 3049 468 3132 strophae
498 3057 547 3115 est
574 3071 684 3114 versus
713 3048 796 3112 alter
824 3057 856 3114 et
886 3051 1077 3127 tricesimus,
1109 3051 1241 3114 ultimus
1272 3049 1478 3132 ephymuium
1506 3049 1586 3113 illud
1617 3048 1770 3132 „Hymem
1801 3052 1961 3135 oHymc-

316 3172 395 3216 naee
408 3201 415 3215 .
430 3201 437 3215 .
452 3160 490 3228 .“,
518 3151 713 3233 reliquorum
735 3171 847 3216 seusus
870 3151 964 3215 facile
986 3173 1025 3214 ex
1047 3152 1181 3233 integris
1204 3151 1426 3234 antistrophae
1448 3151 1642 3216 hexametris
1665 3151 1823 3216 enucleari
1845 3161 1959 3235 potest,

318 3254 434 3336 quibus
457 3254 603 3319 omuibus
625 3255 754 3318 iuvenes
771 3253 950 3335 Hesperum
972 3253 1104 3318 laudare
1128 3262 1161 3318 et
1182 3276 1202 3317 a
1224 3254 1301 3317 furti
1324 3253 1455 3316 erimine
1478 3253 1648 3317 defendere
1671 3261 1814 3335 apparet.
1847 3255 1961 3337 ltaque

317 3357 466 3420 carminis
483 3355 647 3420 amoebaei
663 3357 787 3420 ratione
804 3363 838 3419 et
852 3357 921 3438 lege
937 3356 1129 3438 postulatur,
1153 3363 1189 3418 ut
1204 3355 1328 3437 puellae
1346 3376 1418 3418 oum
1440 3354 1690 3435 vituperaverint
1711 3363 1808 3437 atque
1831 3378 1961 3420 accusa-

317 3458 429 3535 verint,
457 3458 542 3538 quod
566 3463 650 3521 esset
670 3456 723 3520 fur
745 3458 810 3522 sive
833 3463 943 3538 raptor
969 3457 1038 3536 (cfr.
1062 3457 1104 3520 M.
1129 3456 1262 3538 Hauptii
1286 3475 1393 3537 opusc.
1417 3455 1433 3518 I
1454 3456 1538 3540 35²⁸).
1584 3455 1646 3520 Sed
1667 3458 1825 3537 quomodo
1848 3456 1962 3521 lacuna

317 3567 390 3642 post
410 3582 438 3623 v.
461 3561 503 3622 32
525 3566 597 3624 orta
618 3560 661 3623 sit
683 3560 734 3622 vix
756 3559 821 3622 ulla
845 3559 1072 3640 probabilitate
1102 3565 1209 3640 potest
1231 3557 1421 3622 confirmari.
1468 3557 1615 3621 Fortasse
1644 3558 1707 3620 duo
1736 3559 1829 3638 primi
1852 3579 1961 3622 versus

316 3663 485 3744 utriusque
507 3662 660 3743 strophae
677 3682 696 3725 a
712 3682 786 3725 roco
803 3658 937 3742 Ilesperi
961 3662 1088 3724 initium
1106 3667 1266 3742 ceperant,
1291 3667 1327 3723 ut
1344 3659 1495 3724 librarius
1512 3658 1724 3740 apuellamm
1747 3680 1836 3722 vorsu
1860 3661 1962 3740 primo

317 3766 357 3848 (v.
381 3765 436 3848 32)
465 3765 527 3827 iam
553 3769 682 3827 exarato
705 3764 748 3825 ad
770 3762 909 3827 initiales
931 3783 1042 3828 versus
1071 3762 1290 3844 antistrophae
1314 3763 1340 3826 ei
1365 3761 1544 3826 simillimos
1573 3761 1751 3836 aberraret3
1781 3781 1861 3842 quos
1889 3782 1962 3824 cum

316 3865 411 3929 modo
433 3865 640 3947 descripsisse
657 3885 691 3928 se
707 3871 845 3945 putaret,
870 3865 1001 3928 tertium
1020 3864 1240 3946 antistrophae
1257 3885 1381 3927 tersum
1399 3870 1431 3926 ct
1444 3870 1614 3944 sequentes
1637 3861 1717 3926 falso
1735 3870 1808 3943 post
1824 3862 1962 3944 primum

317 3987 443 4031 versum
466 3966 616 4049 strophae
639 3968 756 4048 posuit.
803 3966 864 4030 Sed
887 3973 959 4029 utut
980 3965 1128 4030 haccres
1145 3965 1303 4042 sehabet,
1328 3986 1366 4028 ex
1383 3964 1561 4028 rationibus
1584 3985 1682 4045 supra
1703 3964 1809 4028 allatis
1831 3984 1962 4045 prorsus

317 4066 457 4149 intellegi
480 4088 573 4149 posse
595 4068 732 4131 alterum
755 4067 958 4150 stropharum
981 4087 1040 4148 par
1062 4075 1247 4131 octonorum
1271 4087 1418 4130 versuum
1441 4065 1538 4130 luisse
1561 4065 1639 4128 mihi
1662 4065 1815 4146 persuasi.

444 4167 616 4232 Veniamus
639 4170 681 4232 ad
703 4168 868 4250 stropham
891 4180 925 4242 (a
946 4191 974 4232 v.
992 4169 1132 4246 39-48)
1156 4169 1399 4233 concertationis
1422 4169 1552 4230 tertiam
1574 4168 1705 4247 eiusque
1727 4167 1962 4247 antistropham

317 4273 350 4352 (a
371 4291 399 4333 v.
422 4271 569 4352 ‹re-58),
601 4291 736 4351 quarum
765 4270 820 4334 illa
847 4271 945 4334 habet
972 4271 1080 4333 decem
1111 4291 1220 4334 vorsus
1249 4269 1433 4333 intercalari
1466 4275 1683 4344 annumerato,
1714 4267 1792 4332 haec
1826 4269 1961 4330 cundem

317 4393 484 4436 numerum
512 4373 579 4437 sine
610 4371 865 4454 epiphonemate,
897 4373 982 4453 cpuod
1012 4372 1098 4436 nullo
1128 4374 1160 4435 in
1190 4374 1298 4436 codice
1330 4371 1497 4434 iuvenitur.
1544 4369 1606 4432 Sed
1636 4378 1708 4450 post
1739 4393 1766 4433 r.
1789 4371 1830 4432 58
1861 4371 1961 4433 inter-

318 4474 456 4538 calarem
478 4495 611 4550 versum,
636 4495 731 4556 quem
753 4475 816 4536 iam
838 4472 984 4537 Muretus
1008 4495 1065 4537 suo
1087 4474 1221 4538 arbitrio
1245 4475 1435 4544 insanierat,
1460 4473 1570 4536 deesse
1593 4493 1655 4536 nou
1677 4493 1770 4553 posse
1792 4493 1849 4552 pro
1874 4481 1961 4535 certo

317 4575 489 4640 affimavit
512 4576 549 4640 G.
573 4575 788 4650 Hermanuus,
817 4596 887 4638 cum
917 4576 950 4637 in
981 4574 1072 4638 libris
1103 4583 1236 4657 excepta
1262 4575 1324 4638 hac
1346 4574 1414 4639 sola
1442 4573 1645 4655 antistropha
1674 4593 1782 4636 omncs
1813 4575 1962 4636 carminis

318 4677 468 4760 strophae
498 4685 531 4740 01
559 4676 779 4758 antistrophae
813 4677 1061 4739 terminarentur
1100 4676 1352 4758 epiphonemate.
1405 4675 1502 4739 Cuius
1536 4676 1577 4738 ad
1611 4674 1802 4738 seutentiam
1834 4683 1962 4756 practer

317 4779 459 4844 Riesium
480 4785 513 4842 01
534 4779 681 4842 Ellisium
703 4799 812 4842 omues
842 4779 1035 4842 recentiores
1068 4777 1212 4842 homines
1242 4779 1328 4840 docti
1355 4785 1560 4842 accesserunt
1589 4777 1709 4856 optimo
1742 4775 1823 4852 iure,
1859 4797 1961 4856 neque

317 4882 402 4944 euim
423 4880 522 4944 ullam
544 4881 688 4943 veritatis
711 4880 849 4960 speciem
878 4879 977 4942 habet
998 4883 1126 4961 poetam
1148 4878 1209 4942 hoc
1232 4879 1309 4954 loce,
1341 4901 1403 4960 quo
1427 4877 1620 4942 concertatio
1643 4875 1733 4939 finita
1756 4885 1813 4952 cst,
1844 4878 1884 4940 ab
1908 4899 1961 4940 ac-

318 4989 430 5046 curata
458 4983 557 5048 totius
587 4982 736 5046 carminis
766 4981 970 5062 responsione
993 4986 1025 5042 et
1047 4979 1276 5061 aequabilitate
1305 4981 1484 5043 recessisse.
1529 4979 1648 5041 Addito
1678 4985 1785 5040 autem
1811 4979 1871 5044 hoc
1895 4979 1961 5060 cpi-

317 5084 507 5166 phouemate
523 5085 672 5148 undecim
688 5105 796 5149 versus
813 5083 1034 5166 antistrophae
1050 5093 1134 5159 sunt,
1158 5085 1268 5147 decem
1284 5082 1444 5164 strophae,
1462 5101 1560 5162 quare
1578 5087 1614 5142 ut
1631 5086 1798 5161 utramque
1814 5101 1961 5144 rersmun
