4700 5772
1202 655 1242 718 16

398 822 615 887 Alexandrina
641 823 804 905 petivisse,
839 823 922 887 nude
952 821 1105 888 Bouinius
1137 823 1292 906 originem
1320 825 1388 890 eius
1420 826 1629 908 repetendam
1659 845 1728 890 esse
1757 826 1915 908 opinatur.
1961 823 2044 889 Nam

397 945 590 1007 quamquam
613 923 658 988 illi
681 925 811 1006 imagini
834 923 992 1006 quaedam
1019 923 1195 990 similitudo
1217 930 1267 988 est
1290 946 1361 990 cum
1383 925 1453 1004 hac,
1484 947 1579 1008 quam
1603 926 1780 992 Simonides
1810 925 1951 1014 (Anthol.
1975 926 2042 994 Pal.

398 1027 457 1091 Vll
479 1027 532 1110 24)
555 1025 692 1090 effinxit:

727 1158 855 1245 Ἡμερί,
876 1161 1120 1242 παντέλκιειρα,
1144 1165 1347 1247 μεθυιρόφε,
1370 1165 1470 1250 μῆτερ
1493 1159 1637 1241 ὀπώρας,

819 1261 915 1344 σίλης
936 1259 956 1348 ἢ
979 1261 1111 1328 σκολιὸν
1135 1263 1259 1344 πλέγμα
1282 1265 1375 1347 φύεις
1398 1261 1514 1341 ἕλικος,

741 1367 826 1446 Τηίω
848 1363 999 1452 ἡβὴσειος
1017 1361 1263 1446 Ἀνακρείοντος
1283 1363 1336 1428 ἐπ’
1358 1363 1440 1446 ἄκρη

818 1464 920 1549 στήλη
941 1463 995 1530 καί
1017 1467 1130 1547 λεπτῷ
1152 1465 1224 1538 etc„

396 1585 450 1648 uhi
466 1585 559 1650 homo
576 1586 628 1649 ille
647 1586 760 1649 doctus
783 1593 924 1671 πλέγμαι
944 1583 1087 1666 intellegi
1104 1586 1280 1650 amantium
1300 1586 1499 1669 complexum
1520 1586 1606 1664 vult3
1628 1594 1686 1651 aut
1707 1607 1779 1651 cum
1800 1585 1861 1652 hoc
1884 1586 2042 1669 epigram-

396 1694 481 1752 mate
505 1687 682 1769 Antipatris
706 1686 827 1751 Sidonii
850 1686 940 1770 (ibid.
964 1685 1009 1749 IX
1032 1687 1121 1772 231):

735 1817 826 1900 Αὗην
848 1841 886 1900 με
909 1820 1132 1884 πλατάνιστον
1155 1819 1381 1909 ἐφερπύζονσα
1402 1821 1561 1886 καλύπτει

817 1920 973 2002 ἄμπελος·
997 1921 1115 2004 omnip
1137 1923 1164 1986 δ’
1186 1925 1398 2010 ἀμηιτέθηλο
1419 1927 1517 2005 κόμη,

733 2021 752 2111 ἡ
775 2021 853 2107 πρὶν
875 2023 969 2104 ἐμοῖς
990 2024 1198 2088 θαλέθοισιν
1221 2021 1412 2108 lampeon&
1434 2021 1632 2107 ὀροδάμνοις

816 2127 968 2208 βότρυας,
990 2121 1010 2212 ἡ
1032 2127 1149 2206 ταύτης
1171 2123 1229 2188 οὐκ
1251 2125 1483 2208 ἅπετηλοτέρη.

734 2227 823 2306 τοίην
846 2228 961 2306 μέντοι
984 2225 1101 2291 ἔπειτα
1124 2230 1330 2309 τιθηνεῖσθαι
1352 2249 1403 2303 τις
1423 2229 1568 2309 ἑταίρην,

816 2325 886 2416 ἥτις
908 2329 1116 2409 ἀμείψασθαι
1137 2327 1192 2394 καί
1214 2333 1306 2394 νέκυν
1329 2318 1402 2393 οἶδε
1424 2331 1517 2409 μόνη,

395 2471 458 2532 quo
484 2451 524 2513 de
550 2449 620 2513 loco
643 2447 696 2512 ille
718 2447 797 2512 haec
819 2449 954 2512 iudicat:
987 2447 1119 2513 Platane
1149 2450 1215 2514 und
1238 2448 1422 2513 Wcinstoeh
1449 2448 1561 2513 stehen
1591 2447 1662 2512 hier
1688 2470 1767 2532 ganz
1790 2451 1834 2514 im
1856 2449 2040 2516 Verhiiltnis

396 2552 481 2616 eines
503 2550 671 2614 liebenden
688 2549 813 2627 Psaros,
837 2549 955 2632 genade
977 2569 1012 2614 so
1034 2550 1092 2613 wie
1115 2548 1166 2613 bei
1190 2549 1296 2614 Catuli
1318 2551 1369 2614 die
1394 2549 1486 2614 Ulmo
1509 2551 1575 2614 und
1597 2551 1649 2614 die
1666 2550 1760 2628 Rene,
1783 2558 1892 2616 tamen
1914 2559 2041 2616 tanturn

395 2652 494 2732 abest,
525 2659 561 2716 ut
588 2651 648 2717 hos
669 2652 755 2716 locos
778 2651 937 2716 Catullum
966 2651 1130 2715 imitatum
1158 2671 1228 2716 esse
1256 2659 1380 2735 putem,
1411 2658 1448 2714 ut
1477 2650 1618 2732 aliquam
1641 2651 1787 2735 Sapphus
1817 2653 1986 2735 imaginem
2007 2655 2040 2718 in

395 2755 490 2820 simili
514 2762 701 2836 argumento
730 2759 908 2818 versantem
938 2753 1123 2817 immutasse
1153 2758 1187 2816 et
1216 2755 1258 2818 ad
1280 2773 1373 2818 suum
1401 2774 1494 2817 usum
1523 2755 1715 2818 corruentisse
1744 2753 1823 2818 mihi
1853 2776 2040 2837 persuasum

394 2859 446 2922 sit.
492 2857 602 2939 Neque
631 2855 757 2934 dubito,
788 2857 864 2938 quin
887 2855 1077 2920 Leutschius
1100 2863 1323 2938 argumentum
1352 2877 1462 2920 versus
1483 2857 1524 2918 οῖ
1556 2877 1648 2934 „cum
1676 2876 1737 2937 par
1765 2856 1936 2921 conubium
1958 2863 2039 2925 etc.“

394 2961 461 3024 sine
483 2959 549 3022 ulla
570 2979 668 3023 causa
689 2979 727 3022 ex
750 2956 935 3021 Callimachi
959 2957 1057 3039 epigr.
1078 2957 1093 3020 Ι
1118 2961 1157 3022 lo·
1180 2963 1240 3051 mio
1261 2963 1345 3029 κατὰ
1368 2971 1489 3029 oneror
1513 2961 1570 3028 ἔλα
1592 2958 1785 3040 repetiverit.

520 3061 642 3138 Restat,
666 3068 703 3124 ut
724 3060 875 3125 nonnulla
898 3061 937 3124 de
955 3059 1142 3125 Baehrensii
1165 3063 1326 3126 sententia
1348 3062 1475 3138 addam,
1498 3060 1553 3142 qui
1575 3057 1670 3124 huius
1693 3061 1842 3124 carminis
1864 3063 2040 3143 permultas

395 3165 616 3229 resRomanas
638 3163 855 3228 institutiones
877 3164 1068 3244 praesertim
1086 3164 1164 3228 iuris
1184 3165 1299 3246 privati
1322 3164 1441 3227 referre
1462 3164 1612 3245 opinatus
1632 3168 1688 3227 est.
1726 3161 1840 3243 Itaque
1864 3164 2040 3246 „desponsa

394 3265 549 3330 conubia“
573 3271 614 3344 (ν.
634 3266 688 3347 27)
710 3265 853 3329 Romana
879 3265 1037 3348 intellegit
1061 3265 1250 3346 sponsalia,
1274 3286 1293 3328 a
1316 3264 1431 3346 quibus
1454 3265 1532 3346 ipsis
1555 3263 1609 3347 (ad
1631 3284 1658 3329 r.
1676 3263 1732 3347 28)
1753 3263 1903 3330 subtilius
1925 3266 2038 3330 distin-

394 3367 462 3447 guit
484 3369 644 3446 ‚pactumt
674 3365 760 3446 quod
787 3363 842 3427 illa
871 3365 1020 3446 primitus
1048 3366 1239 3447 praecedere
1268 3364 1405 3440 solebat3
1439 3365 1554 3427 deinde
1575 3365 1608 3426 in
1630 3385 1657 3431 ν,
1681 3365 1722 3427 32
1746 3364 1930 3443 „abstulit“,
1952 3365 2036 3446 qued

393 3469 625 3550 interpretatur
661 3467 797 3548 ‚rapuit‘,
840 3467 881 3530 ad
911 3467 1057 3549 rapinam
1087 3465 1195 3530 fictam
1224 3487 1322 3529 novae
1352 3473 1470 3546 nuptae
1501 3465 1652 3530 Romanis
1681 3467 1858 3550 antiquitus
1887 3468 2035 3531 usitatam

392 3567 473 3632 falso
495 3566 603 3642 refert,
626 3587 729 3648 neque
751 3567 835 3629 anim
851 3567 952 3630 ullum
970 3569 1038 3632 eius
1060 3568 1159 3632 moris
1175 3567 1343 3648 vestigium
1358 3567 1390 3628 in
1407 3567 1613 3648 responsione
1634 3568 1783 3632 iuvenum
1806 3575 1918 3645 exstat
1941 3568 2034 3649 quod,
2108 3567 2112 3574 ’

392 3675 430 3734 ut
452 3670 517 3732 iam
539 3667 694 3733 Weberus
716 3669 762 3753 (p.
786 3667 841 3748 55)
863 3670 1045 3750 suspicatus
1068 3676 1125 3747 est,
1149 3674 1299 3744 exstaret,
1323 3669 1349 3732 si
1372 3668 1450 3750 quid
1472 3669 1626 3732 eiusmodi
1649 3689 1669 3732 a
1689 3669 1804 3749 puellis
1826 3669 2037 3753 significatum

392 3770 519 3846 fnisset;
552 3777 620 3833 tum
643 3771 812 3848 ,tradendi‘
836 3769 968 3834 verbum
991 3773 1030 3856 (v.
1055 3773 1109 3852 60)
1132 3771 1174 3834 ad
1197 3771 1433 3851 coemptionem
1456 3769 1631 3832 Romanam
1654 3777 1800 3851 spectare
1830 3777 1946 3847 censet,
1976 3791 2041 3852 qua

392 3873 425 3935 in
447 3893 560 3936 manus
581 3873 690 3936 mariti
712 3872 843 3935 deditur
864 3870 972 3953 puella
993 3893 1013 3936 a
1035 3874 1187 3954 genitore,
1220 3874 1277 3937 sed
1307 3873 1377 3954 ipse
1407 3871 1553 3935 concedit
1576 3872 1722 3947 ‚tradere‘
1753 3873 1850 3936 etiam
1879 3872 2040 3936 interdum

392 3971 581 4054 simpliciter
609 3972 713 4036 valere
744 3981 889 4055 ,nuptum
921 3973 1105 4052 conlocare‘²
1128 3981 1166 4036 ut
1187 3971 1258 4039 Tac.
1283 3993 1355 4036 arrn.
1379 3971 1422 4036 IV
1444 3973 1487 4036 40
1510 3981 1542 4035 et
1565 3973 1618 4048 tm
1648 3980 1808 4055 postremo
1831 3975 1863 4036 in
1886 3995 1912 4042 ν,
1936 3973 1978 4036 65
2000 3972 2040 4036 de

392 4073 467 4137 dote
499 4079 625 4136 tantum
654 4073 798 4138 Romana
832 4075 966 4156 cogitat,
1002 4096 1196 4156 quamquam
1228 4075 1309 4138 nihil
1335 4075 1479 4156 impedit,
1510 4076 1678 4157 quominus
1701 4075 1895 4140 Graecorum
1917 4089 2040 4166 προῖκα

392 4181 425 4238 ct
454 4178 575 4265 φερνὴν
604 4175 842 4257 intellegamus;
876 4176 1017 4258 itemque
1048 4179 1162 4240 ceteris
1192 4176 1354 4242 vocabulis
1384 4198 1586 4259 nequaquam
1617 4177 1750 4240 Romani
1780 4183 1907 4240 tantum
1934 4195 2038 4239 mores

392 4277 608 4358 designantur.
648 4275 782 4340 Prorsus
805 4277 934 4340 eaedem
952 4297 1004 4350 res
1021 4279 1098 4340 item
1114 4278 1156 4341 ad
1173 4277 1366 4342 Graecorum
1390 4278 1651 4342 consuetudinem
1672 4279 1843 4359 pertinent,
1866 4299 1905 4341 ac
1926 4297 2037 4358 pauca

392 4397 473 4460 quae
496 4377 535 4440 de
558 4397 674 4441 scaena
695 4383 728 4440 et
751 4377 958 4442 caeremoniis
983 4379 1167 4460 nuptiarum
1187 4399 1225 4441 ex
1241 4380 1381 4442 carmine
1403 4379 1473 4460 ipso
1496 4378 1682 4459 depromere
1705 4400 1883 4461 possumne,
1907 4377 2038 4442 Graecis

392 4501 465 4543 cum
494 4478 644 4544 Romanis
674 4480 854 4542 eommunia
881 4485 970 4555 sunt3
1004 4480 1038 4542 id
1068 4501 1166 4543 unum
1198 4479 1395 4543 Graecorum
1425 4499 1494 4543 esse
1528 4481 1693 4561 proprium
1725 4481 1852 4542 uidetur
1880 4479 1905 4541 F
1908 4478 2036 4554 nerstio,

392 4581 477 4662 quod
498 4579 623 4662 puellae
646 4600 742 4643 cenae
765 4579 900 4662 nuptiali
924 4580 1091 4646 intersunt.
1131 4580 1253 4644 Eadem
1276 4581 1341 4644 fere
1364 4581 1403 4643 de
1426 4579 1529 4643 Ellisii
1552 4579 1798 4662 intepretatione
1821 4579 1947 4644 illerum
1970 4599 2038 4642 ver·

391 4681 504 4745 borum
526 4681 662 4744 dicenda
683 4687 766 4744 sunt.

518 4782 687 4865 Reliquum
710 4789 772 4860 est,
803 4790 840 4846 ut
869 4784 979 4866 paucis
1010 4784 1216 4862 disseramus,
1248 4785 1332 4848 unde
1356 4781 1498 4848 Catullus
1529 4783 1664 4847 somnam
1694 4789 1858 4846 externam
1891 4789 1924 4845 et
1952 4803 2038 4846 com·

390 4885 582 4966 positionem
603 4882 697 4948 huius
721 4884 919 4966 epithalamii
941 4891 1106 4950 mutuatus
1125 4888 1176 4962 sit,
1201 4905 1282 4967 quae
1300 4906 1351 4948 res
1368 4906 1429 4949 nen
1446 4886 1551 4948 minus
1573 4883 1725 4947 momenti
1742 4884 1784 4947 ad
1801 4885 1867 4948 eius
1884 4883 2039 4965 originem

391 4987 625 5068 coarguendam
649 4985 795 5052 afferunt.
838 4987 884 5050 Ac
906 4988 1046 5068 primum
1068 4988 1110 5050 ad
1134 4985 1280 5069 Sapphus
1308 4987 1487 5068 exemplum
1509 4989 1540 5050 in
1563 4985 1624 5048 hoc
1646 4984 1785 5048 carmine
1808 5007 1917 5050 uersus
1939 4984 2038 5048 hexa-

390 5096 508 5153 metros
538 5088 712 5171 dactylicos
740 5088 906 5152 aCatulle
937 5087 1099 5154 adhibitos
1130 5109 1198 5153 esse
1227 5090 1333 5154 anime
1367 5087 1478 5152 libenti
1513 5085 1643 5151 concedi
1677 5093 1792 5168 potest.
1838 5087 1905 5162 ero
1935 5092 2038 5150 metro
