4700 5772
1122 675 1161 738 13

318 845 514 926 inspiciatur.
559 844 665 926 Atque
688 865 726 908 ex
748 843 799 908 his
821 843 1008 926 fragmentis
1035 843 1123 908 haud
1152 865 1256 926 pauca
1277 844 1364 907 idem
1393 850 1451 908 aut
1479 843 1594 908 saltem
1616 844 1718 908 simile
1741 853 1964 927 argumentum

317 945 472 1028 praebent
501 966 539 1010 ac
568 943 712 1009 nonnulli
742 966 853 1009 versus
876 944 1003 1009 Catulli.
1048 945 1237 1010 Rectissime
1259 945 1295 1009 B.
1320 943 1516 1010 Schmidtius
1543 945 1672 1028 (proleg.
1696 967 1726 1028 p.
1751 946 1881 1010 LXXIV
1903 947 1965 1030 sq.)

317 1047 514 1129 comparavit
534 1045 572 1132 fr,
595 1047 649 1110 95:

654 1171 805 1256 Ὲὲσττερε,
829 1155 939 1236 aduro
962 1175 1080 1258 φέρων,
1103 1167 1166 1235 ὅσα
1189 1171 1342 1258 φαίνολις
1363 1169 1506 1236 ἐσκέδασ’
1529 1169 1626 1250 udor,

657 1316 663 1330 ·
688 1320 694 1332 .
720 1320 726 1333 .
751 1321 759 1334 .
783 1277 896 1356 φέρεις
917 1271 988 1338 ἄπο
1011 1277 1125 1357 ματέρι
1147 1273 1268 1351 παῖδα,

317 1423 390 1465 cnm
412 1403 452 1467 iis
473 1402 615 1484 strophis
638 1403 835 1481 Catullinum,
863 1424 945 1486 quae
971 1405 1004 1466 in
1028 1403 1171 1487 Hespero
1202 1410 1259 1467 aut
1284 1403 1445 1468 laudando
1474 1411 1531 1466 aut
1560 1403 1768 1485 vituperando
1799 1409 1966 1467 versantur

320 1507 380 1586 (vr.
397 1505 439 1566 20
460 1509 530 1585 sq.),
562 1511 659 1586 atquo
682 1504 844 1588 Hesperus
867 1526 887 1568 a
909 1505 1038 1588 Sappho
1061 1513 1208 1592 ἀστέρων
1231 1514 1363 1577 πάντων
1386 1511 1405 1575 ὁ
1429 1511 1601 1586 κάλλιστος
1630 1505 1810 1588 appellatus
1841 1510 1898 1582 est,
1929 1510 1966 1567 ut

320 1603 475 1686 Berghius
496 1603 533 1671 fr.
558 1605 620 1668 133
642 1611 793 1682 testatum
817 1626 955 1689 quocum
977 1607 1156 1689 fragmento
1179 1607 1315 1671 conferri
1338 1613 1445 1687 potest
1467 1628 1494 1669 v.
1508 1607 1563 1669 262
1587 1605 1760 1689 ,Hesperu
1783 1606 1854 1687 quis
1877 1603 1965 1668 caelo

322 1705 407 1769 lucet
427 1706 595 1770 iucundior
616 1706 738 1789 ignis?“
783 1711 931 1790 Aptaque
954 1709 1117 1790 componit
1139 1707 1194 1772 illa
1223 1728 1306 1790 quae
1328 1729 1374 1772 vv.
1394 1709 1434 1770 27
1458 1729 1505 1789 sq.
1526 1716 1560 1771 et
1581 1711 1620 1771 ol
1645 1729 1691 1789 sq.
1715 1708 1868 1770 dicuutur
1893 1727 1966 1770 cum

322 1805 434 1883 verbis,
457 1814 619 1894 δώσομοι,
641 1803 696 1902 ἦσι
718 1818 824 1898 πάτηρ
847 1809 897 1894 (fr.
921 1810 984 1892 97).
1030 1808 1153 1886 Quibus
1175 1810 1254 1874 locis
1277 1807 1302 1870 F
1304 1809 1425 1873 uerstio
1447 1815 1577 1872 auctore
1599 1809 1675 1872 addi
1702 1815 1810 1890 potest
1831 1807 1868 1874 fr.
1891 1808 1965 1870 109:

698 1925 735 1990 Α.
771 1935 951 2013 Παρθενία,
974 1938 1150 2014 neoterio,
1172 1940 1238 1997 ποῖ
1258 1955 1296 2015 με
1319 1928 1445 1996 λίποιο’
1467 1933 1605 2013 decim·

701 2026 736 2094 Β.
774 2032 890 2098 Οὐκέτι
912 2031 977 2123 ἥξω
1001 2038 1085 2116 πρὸς
1106 2038 1154 2113 σε’,
1177 2033 1284 2122 οὐκέτι
1306 2031 1384 2121 ἥξω,

318 2161 361 2224 ad
394 2162 479 2242 quod
508 2161 625 2226 Catulli
641 2233 643 2237 ,
658 2163 790 2226 ultimae
823 2163 974 2244 strophae
1008 2184 1116 2228 versus
1144 2165 1186 2228 60
1212 2184 1259 2244 sq.
1283 2169 1316 2225 et
1337 2163 1378 2224 ub
1400 2162 1560 2244 pertinere
1589 2164 1745 2230 videntur.
1790 2163 1966 2246 Componas

319 2281 446 2344 qnoque
466 2263 506 2330 fr.
532 2265 593 2326 102
615 2259 662 2355 ἦρ’
685 2269 735 2334 ἔτι
757 2265 939 2351 παρθενίας
960 2269 1174 2353 ἐπιβάλλομαι
1197 2285 1269 2329 oum
1293 2262 1435 2328 versibus
1458 2264 1499 2326 49
1522 2285 1568 2345 sq.

447 2383 534 2458 Quae
558 2383 737 2464 fragmenta
766 2384 873 2447 omnia
894 2383 1038 2447 Catullus
1070 2385 1199 2448 minime
1229 2383 1271 2446 ad
1297 2381 1428 2445 verbum
1456 2383 1630 2463 expressit,
1658 2383 1716 2446 sed
1737 2384 1813 2464 quin
1836 2403 1874 2446 ea
1895 2383 1967 2445 imi-

323 2489 407 2546 tatus
437 2484 481 2548 sit
510 2484 651 2548 dubitari
682 2506 744 2549 non
768 2491 883 2567 potest.
929 2485 1146 2550 Imitationem
1171 2504 1298 2567 quoque
1326 2483 1533 2547 suavissimae
1556 2483 1629 2546 illae
1652 2485 1803 2566 imagines
1826 2491 1860 2547 et
1882 2505 1966 2548 com-

320 2587 503 2668 parationes
526 2608 542 2649 c
564 2585 642 2652 flore
666 2587 783 2651 etrite
806 2589 927 2669 petitae
950 2589 1099 2650 ridentur
1121 2587 1273 2664 redolere,
1297 2585 1413 2668 quibus
1437 2583 1579 2649 Catullus
1602 2585 1633 2648 iu
1657 2583 1718 2648 hoc
1741 2586 1880 2648 camnine
1902 2585 1965 2648 uti-

320 2693 373 2750 tur
395 2692 455 2772 (vr.
477 2689 518 2751 39
541 2709 611 2770 sqq.
636 2695 669 2751 ot
690 2689 731 2750 49
754 2691 875 2772 sqq.).¹)

447 2821 564 2886 Videas
587 2823 625 2886 fr.
648 2824 704 2886 93:

663 2939 742 3011 Οἷον
765 2951 805 3010 τὸ
829 2948 1030 3029 γλυκύμολον
1052 2945 1221 3030 ἐρεύθεται
1243 2945 1334 3030 ἄκρῳ
1357 2948 1409 3012 ἐπ’
1431 2947 1520 3030 dodoi

658 3047 761 3131 ἄκρον
783 3049 833 3112 ἐπ’
856 3051 1033 3132 ἀκροτάτῳ·
1057 3050 1238 3114 Ιολάθοντο
1260 3049 1294 3113 δὲ
1318 3051 1553 3134 μαλοδρόττηες,

659 3151 697 3214 οὐ
721 3150 787 3231 μὰν
810 3148 1029 3229 ἐκλελάθοντ),
1051 3150 1120 3214 ἀλλ’
1144 3151 1201 3214 οὐκ
1224 3151 1368 3216 ἐδύναντ’
1390 3146 1578 3229 enthecam,

279 3300 287 3320 ,
321 3252 353 3310 et
374 3245 412 3309 lr.
435 3247 491 3309 94:

662 3351 745 3417 Οἰάν
768 3353 829 3416 τὰν
852 3352 1010 3418 auxarum
1032 3353 1068 3418 ἐν
1090 3353 1204 3436 οὔρεσι
1227 3356 1376 3436 roiricus
1398 3352 1513 3437 ἄνδρες

660 3460 763 3519 πόσοι
786 3458 1040 3540 καταστείβοισι,
1064 3464 1165 3538 χάμαι
1188 3453 1217 3520 d'
1239 3457 1456 3544 έπιπορορύρει
1478 3455 1595 3532 ἄνθος.

449 3584 515 3650 Hos
545 3586 625 3650 duos
654 3605 763 3650 versus
794 3584 834 3648 ab
864 3585 1030 3650 iuvenibus
1059 3593 1204 3651 cantatos
1232 3607 1301 3650 esse
1331 3607 1387 3650 suo
1417 3587 1485 3649 iure
1508 3587 1661 3650 Boninius
1691 3586 1725 3666 (l.
1747 3585 1768 3651 l.
1791 3606 1822 3667 p.
1846 3586 1881 3670 5)
1915 3605 1969 3648 su-

322 3689 465 3771 spicatus
488 3695 546 3752 est.
593 3687 654 3751 Sed
677 3687 769 3750 valdo
792 3694 879 3751 errat
900 3687 923 3753 l.
949 3687 1097 3752 Suessius
1119 3688 1153 3768 (l.
1178 3687 1197 3754 l.
1221 3709 1250 3770 p.
1275 3689 1340 3768 41),
1370 3689 1425 3768 qui
1448 3688 1487 3752 iis
1509 3687 1613 3752 verbis
1634 3687 1734 3752 Riesii
1757 3686 1970 3750 coniecturam

323 3788 471 3866 ,bubulci‘
494 3810 552 3870 pro
569 3789 689 3852 tradito
712 3789 875 3866 ,iuvenci“
900 3789 1081 3852 confirmari
1099 3791 1184 3870 (ride
1205 3811 1250 3856 vv.
1264 3791 1305 3852 53
1323 3797 1354 3852 et
1370 3789 1424 3870 55)
1442 3789 1619 3852 inconsulte
1646 3809 1683 3852 ac
1707 3795 1826 3851 temere
1850 3792 1967 3852 censet.

448 3906 621 3970 Praeterea
653 3905 756 3988 figura
785 3909 986 3989 repetitionis
1019 3909 1084 3972 sive
1114 3907 1278 3988 anaphora
1307 3929 1346 3970 cx
1379 3907 1507 3990 Sappho
1536 3907 1605 3992 (cfr.
1629 3906 1769 3970 Demetr.
1793 3907 1832 3970 de
1855 3906 1968 3971 elocut.

323 4031 349 4076 c.
368 4010 443 4073 141:
466 4017 701 4096 χοριεντέζεται
722 4017 758 4079 δέ
774 4038 856 4079 ποτε
873 4014 903 4098 (ἡ
916 4011 1060 4103 Σαπφὼ)
1083 4014 1136 4080 καὶ
1158 4015 1192 4094 ἐξ
1209 4015 1377 4102 ἀναφορᾶς
1399 4016 1441 4089 ὡς
1463 4013 1520 4079 ἐπὶ
1542 4019 1603 4081 τοῦ
1612 4013 1768 4096 Ἑσπέρου
1780 4011 1835 4091 [=
1848 4007 1884 4072 fr.
1898 4008 1978 4090 95]),

321 4111 449 4175 videtur
470 4109 600 4175 fluxisse
617 4110 788 4175 Leutschio
805 4112 885 4178 aliis.
921 4111 1092 4193 Compares
1114 4113 1285 4194 praecipue
1308 4112 1345 4179 fr.
1363 4115 1413 4190 93,
1438 4114 1508 4188 193,
1534 4113 1603 4188 lor,
1629 4113 1698 4188 109,
1722 4111 1786 4174 aha
1804 4118 1837 4174 et
1852 4110 1968 4174 Catulli

321 4233 432 4278 uersus
456 4215 475 4276 8
498 4220 531 4276 et
552 4213 585 4289 9;
611 4215 651 4275 12
674 4221 707 4276 ct
731 4215 784 4289 13;
807 4215 845 4276 21
871 4221 904 4276 et
926 4215 981 4289 22;
1005 4214 1060 4288 28;
1084 4213 1134 4290 59,
1158 4217 1209 4291 60,
1233 4217 1287 4290 91;
1309 4217 1359 4290 62,
1383 4215 1434 4290 93,
1458 4215 1508 4290 114,
1532 4213 1620 4279 alios.

450 4331 512 4394 Sed
533 4330 613 4394 haec
635 4331 738 4413 figura
761 4331 907 4412 Sapphus
929 4352 991 4395 nou
1015 4333 1146 4414 propria
1168 4332 1238 4410 fuit,
1269 4333 1429 4396 iuvenitur
1457 4353 1584 4414 quoque
1606 4332 1638 4394 in
1662 4329 1821 4395 Theocriti
1845 4329 1970 4412 epitha-

322 4433 417 4498 lamio
435 4432 574 4496 Helenae
597 4433 653 4511 (id.
668 4434 716 4508 18,
739 4434 814 4494 49-
825 4434 888 4514 53),
912 4454 970 4496 nec
993 4433 1216 4510 dubitaverim,
1239 4435 1316 4515 quin
1339 4435 1402 4496 iam
1425 4455 1445 4497 a
1467 4433 1657 4508 Stesichoro,
1680 4453 1774 4514 quem
1797 4431 1971 4496 scholiasta

323 4541 454 4600 auctore
477 4540 607 4598 secutus
631 4543 680 4598 est
702 4533 903 4612 Theocritus,
932 4534 1078 4598 adhibita
1100 4536 1151 4602 sit.
1196 4535 1403 4599 Potissimum
1429 4543 1536 4600 autem
1558 4557 1578 4599 a
1600 4534 1793 4598 Callimacho
1816 4541 1971 4615 usurpata

324 4643 374 4702 est
394 4645 433 4700 ut
453 4637 487 4699 in
509 4635 594 4718 hym.
620 4639 647 4713 1,
671 4638 725 4711 33;
755 4637 784 4710 3,
809 4637 886 4710 255;
915 4639 945 4712 4,
971 4639 1040 4710 118,
1065 4636 1150 4702 alibi.
1196 4636 1318 4700 Deinde
1351 4638 1392 4699 ad
1420 4636 1575 4701 Graecam
1608 4636 1761 4718 originem
1793 4636 1971 4699 revocanda

323 4745 399 4802 suut
420 4737 513 4802 haec:
536 4737 668 4801 verbum
690 4737 852 4818 pugnandi
876 4759 948 4800 cnm
971 4739 1078 4802 dativo
1102 4739 1307 4802 coniunctum
1330 4747 1369 4818 (ν,
1387 4741 1456 4824 lup
1478 4760 1555 4802 usus
1577 4737 1631 4800 ille
1652 4737 1782 4819 perfecti
1807 4737 1968 4818 temporie,

323 4840 377 4922 qui
409 4841 442 4903 in
473 4861 518 4906 vr,
542 4840 583 4901 42
607 4846 640 4901 et
661 4841 716 4912 44,
747 4839 789 4900 53
814 4846 846 4900 et
867 4841 909 4900 55
938 4847 1057 4916 exstat3
1087 4840 1241 4904 uocabula
1270 4839 1394 4918 „Eous“
1424 4851 1456 4903 et
1480 4839 1672 4917 ,Oetaeus‘·;
1707 4837 1803 4902 uerba
1834 4839 1972 4919 graviter

323 4942 440 5005 iterata
463 4941 546 5018 ,iam
569 4941 665 5017 iam“,
690 4940 761 5005 aha.

451 5129 470 5195 ¹)
489 5127 542 5180 cfr.
563 5126 592 5180 0.
612 5127 737 5179 blnellori
756 5129 818 5181 hist.
838 5127 890 5180 litt.
910 5127 1006 5181 Graec.
1026 5127 1037 5178 l
1056 5145 1082 5196 p.
1100 5129 1151 5182 329
1172 5143 1210 5194 sq.
