4700 5772
1136 677 1344 774 ,ΔΞ-

546 842 592 906 Ac
622 841 766 925 prolecto
795 842 910 906 Catulli
942 863 1103 910 sermones
1133 844 1204 910 illos
1233 851 1397 926 tamquam
1427 844 1623 928 litigantium
1652 847 1827 912 contrarios
1860 845 2062 912 manifestam

420 965 497 1026 prae
519 964 553 1008 se
576 945 658 1008 t'errc
682 944 893 1008 imitationem
916 943 1063 1026 Sapphus
1086 947 1242 1022 uidemus,
1270 947 1327 1010 scd
1348 946 1420 1028 quis
1442 948 1572 1012 tandem
1594 949 1627 1012 iu
1649 948 1711 1012 hac
1733 955 1826 1012 tauta
1854 948 2060 1030 reliquiarum

405 1043 564 1109 ¹exilitate
590 1046 767 1108 diiudicare
797 1053 942 1120 conetur,
972 1053 1081 1111 utrum
1104 1047 1247 1112 Catullus
1276 1047 1497 1114 admirabilem
1526 1049 1766 1132 dispositionem
1796 1049 1885 1114 illam
1914 1071 2061 1114 versuum

420 1148 546 1213 fabulae
576 1149 679 1212 instar
707 1149 846 1230 quodam
868 1149 963 1212 modo
985 1149 1016 1211 iu
1039 1155 1130 1214 aetus
1160 1149 1368 1232 digestorum,
1402 1171 1485 1232 quae
1514 1151 1616 1216 altero
1645 1149 1731 1214 nullo
1761 1151 1905 1234 exemplo
1935 1152 2062 1234 cognita

420 1256 483 1326 cst,
515 1250 582 1332 ipse
612 1248 768 1312 invenerit
793 1269 835 1312 au
857 1269 877 1312 a
898 1249 1056 1332 Sapphico
1085 1251 1257 1333 exemplari
1286 1251 1506 1316 transtulerit?
1550 1251 1616 1316 Nec
1645 1273 1718 1316 uero
1749 1273 1821 1316 oum
1850 1254 1891 1318 ad
1915 1252 2061 1336 Sapphus

420 1350 598 1433 exemplum
620 1351 766 1431 uirgines,
796 1372 857 1414 nou
880 1353 1008 1460 ipieucs
1032 1353 1276 1417 concertationis
1309 1353 1409 1435 ipsius
1439 1353 1565 1418 initium
1596 1361 1757 1418 sumentes
1787 1355 1900 1418 fecisse
1930 1373 2061 1434 prorsus

419 1473 608 1536 negaverim.

545 1554 612 1618 lam
635 1555 721 1635 quod
743 1554 785 1616 ad
808 1555 907 1619 totins
934 1556 1084 1620 carminis
1114 1555 1282 1620 consilium
1311 1557 1441 1632 attinet,
1471 1563 1600 1638 praeter
1622 1556 1817 1620 Pleitncrum
1846 1555 1906 1620 hoc
1937 1553 2060 1636 epitha-

419 1655 550 1719 lamium
572 1676 643 1718 cum
665 1656 828 1736 superiore
850 1659 892 1738 (c.
918 1653 999 1740 lilll)
1030 1657 1223 1719 coniunctim
1253 1657 1408 1738 scriptum
1437 1656 1585 1739 idemque
1616 1659 1737 1740 nuptiis
1761 1657 1873 1722 Viniae
1896 1663 1929 1720 et
1949 1654 2060 1718 Manlii

419 1759 562 1822 dicatum
593 1777 662 1820 esso
691 1757 741 1818 vix
771 1756 940 1837 quisquam
971 1758 1179 1821 contenderit.
1224 1757 1287 1822 Sed
1315 1756 1376 1821 hoc
1404 1779 1530 1822 carmen
1553 1781 1614 1823 nnn
1638 1761 1680 1824 ad
1702 1781 1849 1824 verarum
1876 1758 2060 1840 nuptiarum

419 1881 513 1924 usum
536 1857 748 1938 compositum
769 1857 827 1921 sed
849 1857 948 1921 libere
977 1857 1147 1922 confictum
1175 1865 1225 1921 est
1250 1857 1319 1931 (cfr,
1342 1856 1592 1941 Baehrensium),
1623 1867 1660 1924 ut
1682 1861 1719 1926 Ο.
1740 1859 1934 1923 Rihheekius
1946 1858 1970 1943 ¹)
1998 1855 2060 1920 ele-

422 1969 538 2044 ganter
572 1959 733 2034 iudicavit,
764 1959 844 2028 ,eine
873 1960 938 2021 rein
969 1958 1166 2042 griechische
1189 1958 1308 2034 Studie,
1340 1961 1565 2040 voraugsweise
1596 1961 1679 2026 nach
1707 1963 1809 2025 ciuem
1832 1959 1975 2042 Origiual
2003 1959 2061 2021 der

428 2061 575 2145 Sappho‘.
622 2060 706 2124 Illud
735 2067 843 2124 autem
866 2061 1110 2142 ,voraugsweise‘
1135 2081 1206 2124 cum
1230 2059 1377 2124 l'uerstio
1399 2081 1461 2126 uon
1485 2062 1531 2124 ita
1552 2062 1692 2146 intellegi
1715 2064 1818 2131 velim.
1841 2067 1884 2144 utl
1901 2060 2060 2126 Catullum

421 2171 549 2247 practer
572 2161 700 2244 Sappho
723 2162 861 2244 aliquem
883 2162 981 2226 alium
1003 2167 1131 2244 poetam
1155 2161 1313 2226 Graecum
1342 2161 1413 2244 (cfr.
1433 2161 1674 2254 Baehrensium)
1704 2171 1849 2228 secutum
1879 2183 1948 2227 csse
1978 2161 2060 2224 iudi-

421 2274 519 2342 cetur,
543 2265 600 2328 sed
622 2273 658 2328 ut
680 2265 712 2326 iu
735 2265 925 2346 exemplaris
947 2265 996 2328 sui
1020 2265 1198 2328 imitatione
1228 2266 1275 2328 ita
1303 2273 1447 2328 versatus
1470 2265 1522 2340 sit,
1552 2274 1589 2328 ut
1615 2287 1689 2330 suus
1710 2267 1792 2328 vires
1815 2266 1846 2328 in
1876 2262 2061 2328 adornando

419 2375 606 2450 argumento
629 2373 661 2429 ct
682 2388 826 2432 sermono
848 2366 1015 2448 figurando
1038 2387 1076 2428 ex
1099 2365 1226 2447 Sappho
1254 2367 1431 2447 desumptis
1454 2387 1600 2430 exercere
1624 2367 1767 2431 voluerit.
1813 2365 1954 2430 Primum
1977 2364 2060 2426 euim

419 2471 561 2535 animum
589 2471 737 2533 inducere
766 2467 895 2530 minime
925 2487 1063 2548 possum,
1097 2475 1134 2529 ut
1163 2465 1323 2531 Catullum
1356 2469 1435 2550 ,apis
1464 2489 1551 2532 more
1585 2469 1743 2550 modoque
1776 2475 1868 2549 grata
1901 2465 2060 2546 coquentis

420 2575 540 2658 thyma‘
574 2579 739 2652 tamquam
760 2591 818 2651 per
839 2569 940 2632 laetos
964 2569 1117 2632 Graeciae
1143 2567 1253 2633 hortos
1276 2570 1395 2650 passim
1418 2577 1583 2650 vagantem
1607 2592 1624 2632 e
1646 2567 1778 2633 floribus
1807 2568 1881 2631 hine
1910 2567 2061 2648 illincque

420 2675 579 2758 decerptis
602 2673 666 2736 tale
689 2691 817 2734 carmen
839 2676 931 2734 tauta
961 2669 1118 2742 claritate,
1149 2677 1214 2732 tam
1237 2671 1361 2733 decenti
1385 2671 1598 2752 simplicitate,
1630 2680 1697 2735 tam
1719 2669 1870 2751 singulari
1895 2673 2061 2731 venustate

421 2778 584 2860 collegisse
607 2776 744 2838 credam.
779 2773 901 2836 Deinde
924 2775 1098 2836 cavendum
1122 2780 1172 2836 ost
1195 2793 1233 2836 ne
1256 2779 1404 2854 putemus
1426 2775 1540 2849 omnia,
1565 2793 1646 2854 quac
1669 2773 1733 2835 sive
1756 2771 1841 2853 apud
1858 2769 2061 2834 Theocritum

419 2881 490 2966 (cfr.
511 2877 669 2958 Ellisium)
692 2877 756 2940 sire
779 2875 1113 2957 apudAlexaudriuos
1135 2873 1435 2958 (achemeniam,
1458 2873 1637 2950 Boniuium,
1660 2873 1754 2958 alios)
1781 2873 1813 2935 in
1836 2870 1931 2936 simili
1954 2870 2060 2952 aliquo

421 2986 609 3064 argumento
639 2985 819 3052 versantur,
850 2975 1012 3040 Catullum
1042 2976 1186 3056 quamuis
1216 2976 1247 3039 iu
1277 2975 1412 3040 lectione
1439 2975 1633 3040 Graecorum
1660 2973 1874 3055 frequentem,
1905 2993 1977 3035 cum
2000 2969 2062 3036 hoe

420 3081 661 3166 epithalamium
684 3078 825 3160 fingeret,
849 3085 923 3142 ante
946 3076 1053 3141 oeulos
1075 3077 1226 3141 habuisse
1248 3085 1344 3159 atquc
1366 3079 1526 3142 imitatum
1550 3098 1628 3141 esse.
1667 3073 1739 3138 Mea
1756 3074 1884 3156 quidem
1902 3073 2061 3136 sententia

424 3183 571 3267 Sapphus
594 3181 692 3246 solius
716 3181 857 3262 vestigiis
880 3180 1040 3261 ingressus
1058 3187 1114 3255 est,
1139 3187 1235 3260 atque
1257 3186 1421 3243 externam
1443 3181 1576 3244 formam
1600 3185 1633 3241 ot
1655 3163 1979 3258 compositionem'ub
2001 3174 2060 3238 hac

422 3306 495 3350 enm
516 3283 702 3365 repetivisse
726 3301 797 3344 cum
820 3279 966 3344 omnibus
986 3278 1168 3343 hominihus
1191 3279 1293 3344 doctis
1316 3281 1491 3356 couseuti03
1514 3281 1547 3342 id
1565 3299 1692 3362 qnoque
1714 3283 1845 3360 propter
1867 3277 2058 3341 correinuita·

421 3395 487 3450 tem
515 3384 654 3449 concedo
682 3382 741 3446 hoc
769 3403 895 3446 carmen
926 3401 964 3444 ex
993 3402 1056 3445 uuo
1086 3379 1193 3462 aliquo
1223 3379 1369 3462 Sapphus
1397 3381 1570 3463 exemplari
1600 3381 1746 3454 fluxisse,
1777 3401 1839 3442 nou
1869 3401 1886 3441 e
1916 3377 2056 3460 pluribus

422 3487 594 3554 conflatum
617 3505 700 3560 esse;
732 3505 789 3548 nec
819 3505 891 3548 vero
915 3482 1074 3547 Catullum
1098 3483 1144 3545 ita
1166 3481 1293 3564 Sappho
1314 3484 1456 3564 poiitriae
1479 3481 1711 3565 adstipulatum
1734 3501 1812 3556 esse,
1839 3487 1877 3543 ut
1897 3487 2054 3562 tamquam

426 3589 518 3668 ,fidus
552 3589 717 3669 interpres
752 3585 912 3667 exemplar
940 3606 1032 3649 suum
1059 3585 1100 3647 ad
1127 3583 1258 3648 verbum
1291 3605 1308 3648 e
1338 3585 1459 3649 Graeco
1489 3584 1696 3666 expresserit,
1731 3582 1765 3644 id
1798 3582 1884 3662 quod
1906 3580 2054 3644 Weberus

420 3690 497 3768 vult,
521 3688 639 3753 ullane
660 3689 760 3752 evinci
780 3695 895 3771 potest.
931 3685 1011 3749 Nam
1029 3693 1288 3768 argumentorum
1308 3705 1477 3767 rerumque
1496 3693 1706 3750 tractatarum
1729 3681 1953 3747 similitudines
1973 3679 2060 3744 haud

422 3812 543 3874 paneae
559 3811 617 3873 per
632 3811 666 3854 so
683 3791 812 3871 quidem
829 3787 914 3852 solae
936 3787 1054 3851 nullius
1077 3793 1152 3851 suut
1173 3788 1335 3865 momenti,
1359 3788 1416 3852 sed
1437 3809 1509 3851 curn
1531 3787 1662 3868 reliquis
1684 3785 1816 3866 originis
1838 3785 1965 3848 iudiciis
1989 3803 2062 3846 con-

421 3896 548 3958 iunctae
571 3891 692 3974 aliquid
716 3891 830 3967 valent,
854 3911 921 3966 nec,
952 3911 1024 3952 cnm
1054 3911 1115 3952 nou
1144 3909 1275 3954 numere
1305 3891 1361 3953 sed
1382 3889 1412 3951 vi
1436 3896 1468 3952 ct
1490 3890 1628 3970 pondere
1657 3907 1714 3950 suo
1743 3887 1878 3950 iudicari
1914 3885 2062 3960 debeant,

423 4002 573 4059 externae
606 3992 815 4075 appellandae
849 3998 939 4066 suut,
976 3997 1013 4053 ut
1047 3990 1241 4055 Baehrensio
1274 3990 1411 4073 placuit,
1448 3990 1558 4072 quales
1599 3990 1683 4052 idem
1721 3995 1942 4070 argumentum
1979 3986 2064 4050 ultro

423 4101 580 4179 procreat.
624 4094 687 4158 Sed
719 4093 770 4157 his
800 4113 838 4156 ex
865 4090 961 4156 rebus
982 4093 1030 4155 itu
1057 4091 1204 4172 colligere
1234 4112 1295 4156 uon
1324 4090 1399 4155 licet
1421 4091 1582 4154 Catullum
1610 4089 1670 4153 hoc
1700 4109 1826 4152 carmen
1856 4087 2063 4152 omnebonum

424 4199 464 4262 dc
495 4195 641 4278 Sapphus
676 4195 881 4276 epithalamio
914 4196 1052 4275 quodam
1085 4194 1150 4256 fere
1184 4193 1226 4256 ad
1261 4192 1392 4256 verbum
1424 4191 1642 4266 transtulisse,
1677 4190 1710 4252 id
1739 4191 1825 4272 quod
1854 4189 2062 4270 Hartungius,

427 4298 616 4373 Koechlius,
650 4297 820 4362 Teull'elius
853 4297 942 4378 (hist.
973 4297 1035 4360 htt.
1065 4295 1155 4360 Rom.
1181 4294 1212 4357 ὖΙ
1238 4316 1268 4377 p.
1291 4297 1381 4382 446),
1416 4295 1469 4359 alii
1504 4301 1710 4369 censuerunt,
1748 4299 1784 4355 ut
1816 4311 1888 4354 cum
1920 4289 2063 4371 Hauptio

424 4404 548 4488 (opusc.
571 4399 672 4483 1⁶20),
704 4398 884 4476 Leutschi0,
908 4397 1050 4474 Boniuio,
1074 4395 1229 4470 l'uerstio,
1253 4394 1439 4472 Schmidtio,
1470 4395 1541 4458 aliis
1571 4393 1779 4457 statuendum
1800 4391 1851 4466 sit,
1882 4411 1948 4453 rem
1978 4389 2065 4452 itaa

424 4500 548 4568 Catullo
578 4501 760 4565 institutam
788 4521 866 4578 esse,
895 4507 933 4562 ut
961 4500 1054 4563 modo
1083 4497 1261 4580 religiosius
1284 4496 1440 4560 Graecum
1471 4495 1633 4578 exemplar
1656 4495 1857 4576 exprimeret,
1888 4491 1983 4555 modo
2005 4510 2063 4554 suo

424 4605 526 4686 magis
548 4603 679 4668 consilio
701 4609 855 4679 uteretur,
878 4608 915 4665 ut
935 4600 996 4665 hoe
1019 4619 1147 4664 carmen
1168 4599 1337 4680 populares
1359 4597 1483 4661 facilius
1505 4596 1736 4678 intellegerent.

550 4776 567 4841 ¹)
586 4774 603 4827 l.
618 4773 634 4826 l.
650 4791 674 4842 p.
689 4776 747 4828 327.
