4700 5772
1110 693 1148 756 17

312 861 430 942 scripta
450 867 527 925 snut
548 859 727 942 fragmenta
747 861 874 925 92-95
896 867 929 926 et
949 862 1001 926 97.
1046 862 1160 928 Catulli
1190 869 1299 928 autem
1319 883 1468 930 versuum
1494 883 1642 930 numeros
1663 864 1847 930 maturioris
1871 867 1950 930 artis

310 963 400 1042 signa
420 982 499 1044 prae
522 981 556 1026 se
577 961 660 1026 ferre
687 963 825 1046 amplius
852 963 1070 1046 comprobavit
1090 963 1242 1031 Boninius
1265 966 1298 1051 (l.
1321 965 1341 1030 l.
1365 987 1396 1048 p.
1421 967 1568 1048 13-16).
1612 964 1734 1030 Deinde
1757 972 1862 1031 totum
1883 967 1951 1049 epi-

309 1061 498 1126 thalamium
518 1061 642 1144 legibus
664 1063 814 1127 carminis
837 1063 999 1128 arnocbaei
1022 1065 1195 1130 adstrinxit
1220 1087 1330 1132 versus
1359 1067 1531 1148 disponens
1559 1069 1593 1130 in
1622 1066 1772 1149 strophas
1803 1068 1951 1133 similiter

306 1183 343 1227 ac
366 1163 510 1246 Sapph03
534 1184 606 1228 eum
628 1184 701 1229 vero
716 1163 795 1228 talia
809 1163 957 1230 binorum
972 1185 1120 1232 10100010
1141 1173 1325 1250 systemata
1349 1169 1458 1250 qualia
1473 1168 1552 1232 haec
1569 1169 1740 1246 adamavit,
1764 1169 1949 1234 adhibuisse

307 1263 444 1330 Webero
467 1286 530 1329 non
551 1285 721 1347 possumus
743 1267 925 1343 concedere,
948 1269 1033 1348 quia,
1055 1269 1178 1332 utiam
1200 1290 1298 1351 supra
1319 1271 1466 1348 vidimus,
1491 1269 1606 1334 Catulli
1629 1290 1739 1335 versus
1762 1271 1857 1334 talem
1882 1271 1949 1336 dis-

306 1365 499 1448 positionem
519 1364 677 1430 binariam
698 1367 828 1430 minime
850 1367 1035 1431 admittunt.
1749 1391 1760 1400 ·

434 1466 649 1550 Ephymnium
671 1469 809 1551 danique
831 1468 924 1534 illud:

438 1567 590 1652 ,Hymen
613 1589 631 1634 o
651 1567 852 1652 Hymenaee.
866 1620 874 1634 .
888 1579 915 1634 .“
941 1591 979 1634 ex
1002 1573 1141 1636 carmine
1163 1573 1296 1638 Lesbiae
1318 1575 1461 1658 poetriae
1483 1576 1613 1640 fluxisse
1635 1576 1773 1658 perbene
1797 1597 1834 1640 ex
1856 1576 1894 1639 fr.
1908 1577 1947 1639 91

313 1668 456 1751 colligere
476 1669 560 1734 licet.

434 1770 498 1836 Sed
528 1770 676 1853 Sapphus
707 1771 915 1854 epithalamia
943 1781 1000 1838 ant
1029 1775 1143 1840 saltem
1172 1796 1280 1869 eorum
1314 1785 1440 1859 partem
1472 1780 1614 1843 carmina
1646 1779 1819 1844 amoebaea
1850 1779 1949 1844 inisse

311 1873 511 1953 argutissime
534 1873 752 1954 comprobavit
774 1872 972 1956 Weberus.¹)

433 1993 480 2055 Ac
501 1992 640 2073 primum
662 1991 700 2056 l'r.
722 1992 778 2055 98:

813 2103 951 2185 Θυρώρῳ
973 2101 1077 2179 πόδες
1097 2101 1323 2185 ἐπτορόγυιοι,

818 2203 865 2265 Τὰ
886 2201 921 2266 δὲ
944 2205 1092 2286 σάμβαλα
1115 2211 1341 2290 πεμπεβόηοα,

817 2305 969 2385 Πίσυγγοι
990 2305 1026 2368 δὲ
1048 2304 1113 2370 δέκ’
1135 2306 1350 2388 egenorum,

307 2432 392 2512 quod
416 2433 457 2495 ad
480 2432 651 2496 maledicta
673 2439 706 2496 et
726 2432 869 2497 convicia
893 2439 1030 2514 spectat,
1063 2436 1180 2517 quibus
1208 2439 1391 2521 petulanter
1420 2442 1629 2524 increpabant
1657 2442 1782 2526 puellae
1812 2441 1946 2507 thalami

309 2534 485 2610 custodem,
522 2553 583 2598 non
617 2553 711 2616 posse
744 2540 831 2597 recte
864 2533 1004 2616 intellegi
1037 2536 1136 2616 probe
1157 2539 1311 2603 iudicavit
1333 2539 1543 2620 Schmidtius,
1577 2545 1639 2609 nisi
1668 2545 1701 2606 in
1730 2545 1879 2621 carmine,
1911 2563 1949 2605 ex

307 2655 370 2716 quo
400 2634 434 2698 hi
461 2656 571 2700 versus
601 2635 733 2700 delibati
763 2641 853 2712 sunt,
888 2634 1020 2700 chorum
1046 2639 1224 2720 puellarum
1254 2662 1327 2706 cum
1354 2664 1526 2725 puerorum
1560 2645 1655 2712 choro
1689 2649 1860 2712 certavisse
1893 2669 1947 2712 su-

306 2758 473 2804 meremus.
508 2737 598 2802 Talia
617 2744 725 2802 autern
741 2738 882 2802 carmina
904 2741 1005 2821 magis
1027 2749 1105 2823 apta
1126 2763 1194 2807 esse
1216 2746 1258 2808 ad
1280 2747 1501 2812 recitationem
1517 2769 1613 2829 quarn
1629 2750 1671 2812 ad
1688 2756 1817 2813 cantum
1832 2748 1949 2813 Deme·

306 2839 389 2902 trius
420 2843 508 2924 (περὶ
542 2849 609 2926 epp.
641 2861 667 2902 c.
697 2841 771 2920 167)
800 2841 1036 2906 animadvertit.
1081 2845 1185 2928 Atque
1214 2848 1261 2911 ita
1290 2855 1420 2913 cantata
1452 2871 1521 2914 esse
1549 2850 1685 2915 Webero
1716 2852 1878 2930 videntur,
1911 2859 1949 2916 ut

309 2938 433 3020 puellae
455 2939 519 3003 alia
540 2939 637 3004 aliam
659 2941 792 3022 singulis
819 2943 962 3008 versibus
992 2948 1183 3027 exceperint.
1227 2948 1350 3014 Deinde
1381 2952 1465 3014 inter
1492 2952 1572 3016 duos
1606 2959 1771 3018 cantantes
1805 2953 1854 3018 vel
1886 2955 1948 3018 sin-

314 3039 401 3120 gulos
421 3038 470 3103 rel
492 3040 605 3105 choros
627 3041 824 3106 diversarum
847 3047 987 3126 partium
1009 3047 1173 3112 distributi
1197 3051 1345 3114 videntur
1366 3051 1464 3117 inisse
1485 3074 1595 3118 versus
1618 3055 1655 3117 fr.
1675 3056 1725 3132 91,
1750 3057 1839 3120 cuius
1861 3055 1947 3137 leges

314 3141 455 3206 metricas
479 3141 650 3224 descripsit
672 3141 711 3206 H.
732 3143 893 3210 Usenerus
915 3148 946 3209 in
970 3147 1060 3224 libro,
1083 3151 1138 3231 qui
1162 3150 1336 3234 ,altgriech
1350 3151 1503 3218 Versbau‘
1527 3155 1720 3234 inscribitur,
1743 3157 1859 3239 0911,

732 3299 761 3342 a.
779 3283 863 3364 ’Ύψι
885 3283 925 3373 dr}
948 3291 987 3350 τὸ
1010 3292 1174 3371 μέλαθρον
1194 3290 1356 3372 ’Υμὴναον

730 3379 760 3444 b.
781 3385 922 3472 Ἀέρρετε
944 3394 1092 3464 τέκτονες
1112 3391 1225 3476 ἄνδρες
1243 3392 1409 3482 ’Υμὴναον

730 3501 758 3546 a.
785 3492 814 3550 Γ
810 3491 930 3571 άμβρος
952 3489 1078 3575 ἔρχεται
1101 3485 1174 3570 ἶσος
1190 3493 1297 3576 ”Aperit
1318 3495 1513 3586 (Ὓμὴναον)

730 3583 905 3670 11.”Αι·δρες
927 3595 1052 3674 μεγάλω
1076 3597 1158 3661 adiu
1180 3593 1300 3680 μείζων
1322 3597 1347 3678 (²
1359 3599 1528 3686 Υμὴναον).

654 3700 844 3778 (Litterulae
867 3711 951 3779 ,001
973 3705 1002 3769 b‘
1026 3710 1189 3791 appositae
1212 3719 1379 3776 cantantes
1401 3715 1606 3800 significant.)

436 3832 524 3898 Idem
543 3843 705 3900 certamen
728 3838 812 3900 inter
833 3841 913 3904 duos
940 3844 1142 3909 commissum
1165 3845 1318 3914 Weberus
1341 3851 1497 3916 invenisse
1520 3853 1581 3916 sibi
1604 3855 1689 3918 visus
1712 3862 1761 3918 est
1783 3857 1815 3918 in
1838 3856 1876 3921 fr.
1896 3859 1946 3935 93,

308 3935 393 4016 quod
423 3936 486 3999 iam
516 3957 614 4019 supra
640 3955 646 4009 1
654 3959 685 4020 p.
708 3940 761 4019 13)
791 3944 987 4026 transcripsi.
1037 3944 1152 4011 Tribus
1180 3949 1264 4012 euim
1293 3953 1426 4015 serratis
1455 3953 1598 4017 versibus
1627 3963 1778 4037 quartum
1808 3957 1947 4039 aliquem

308 4057 347 4098 ex
368 4036 485 4118 Longo,
509 4039 562 4120 qui
586 4039 720 4121 (pastor.
743 4042 789 4105 Ill
812 4045 867 4118 33)
895 4045 980 4110 hunc
1006 4046 1109 4112 locum
1131 4051 1276 4132 respicit,
1307 4060 1418 4135 argute
1447 4055 1551 4132 addit,
1582 4063 1679 4138 atque
1707 4058 1765 4124 hos
1796 4068 1949 4142 quattuor

308 4157 417 4202 versus
440 4140 524 4202 10101·
546 4139 625 4203 duos
648 4140 823 4206 distribuit.
869 4145 931 4209 Sed
953 4146 1032 4210 haec
1054 4149 1176 4212 incerta
1198 4159 1281 4230 sunt,
1305 4175 1362 4216 nec
1384 4157 1463 4219 satis
1486 4158 1654 4221 diiudicari
1678 4168 1820 4241 possunt.
1859 4162 1948 4226 ldem

308 4239 396 4300 cadit
418 4240 450 4303 111
473 4239 686 4322 fragmentum
711 4244 783 4307 101:

642 4363 682 4430 ’0
703 4367 761 4449 μὲν
785 4369 843 4452 γὰρ
866 4372 968 4449 κάλος,
992 4373 1093 4438 ὅσσον
1117 4373 1200 4456 11100,
1224 4374 1545 4460 0110101101109001,

643 4466 683 4532 '0
705 4470 742 4532 δὲ·
764 4469 915 4551 001109ος
935 4472 1052 4539 αὔτικα
1074 4481 1125 4540 καὶ
1148 4481 1243 4552 κάλος
1266 4479 1405 4562 ἔσσεται,

308 4595 398 4658 cuins
420 4617 529 4660 versus
554 4596 677 4660 duobus
700 4598 887 4666 tribuendos
911 4625 979 4668 esso
996 4607 1166 4672 existimat.
1206 4609 1381 4676 Schmidtio
1396 4615 1532 4696 denique
1556 4617 1746 4699 colloquium
1768 4620 1848 4684 illud
1865 4622 1948 4684 inter

309 4715 457 4774 sponsam
488 4706 520 4761 et
549 4700 763 4780 virginitatem
798 4703 980 4770 institutum
1017 4709 1049 4771 iu
1085 4709 1123 4773 fr.
1148 4711 1208 4773 109
1238 4719 1277 4794 (1.
1302 4735 1400 4796 supra
1430 4737 1459 4798 p.
1485 4719 1537 4800 13)
1569 4719 1789 4784 demonstrare
1822 4723 1948 4785 videtur

309 4797 435 4861 omniuo
457 4801 594 4862 marime
616 4809 748 4866 actuosa
770 4803 867 4867 luisse
891 4805 1038 4888 Sapphus
1060 4810 1276 4891 epithalamia.

435 4967 603 5037 ¹ll.l.p.s3
622 4988 679 5038 sqq.
715 4971 905 5041 (1000010000
931 4993 1036 5044 000000
1054 4985 1117 5032 sunt
1134 4997 1169 5033 ca
1186 4999 1256 5050 quae
1275 4984 1325 5036 hac
1344 4986 1377 5038 de
1396 5003 1424 5039 re
1444 4987 1510 5039 sdic
1529 4989 1731 5043 dhseruorunt:
1759 4955 1944 5044 Rossbachius

307 5051 1945 5137 mffiwmmmffimwmmwmwbmmdfflpQfflmmmmmfflmffissl

306 5138 407 5204 pm

1719 5250 1736 5301 3
