<?xml version="1.0" encoding="UTF-8"?>
<!DOCTYPE html PUBLIC "-//W3C//DTD XHTML 1.0 Transitional//EN"
    "http://www.w3.org/TR/xhtml1/DTD/xhtml1-transitional.dtd">
<html xmlns="http://www.w3.org/1999/xhtml" xml:lang="en" lang="en">
 <head>
  <title>
</title>
<meta http-equiv="Content-Type" content="text/html;charset=utf-8" />
  <meta name='ocr-system' content='tesseract 3.04.00' />
  <meta name='ocr-capabilities' content='ocr_page ocr_carea ocr_par ocr_line ocrx_word'/>
</head>
<body>
  <div class='ocr_page' id='page_1' title='image "./decatullicarmin00schgoog/decatullicarmin00schgoog_0020.png"; bbox 0 0 4700 5772; ppageno 0'>
   <div class='ocr_carea' id='block_1_1' title="bbox 1113 681 1153 745">
    <p class='ocr_par' dir='ltr' id='par_1_1' title="bbox 1113 681 1153 745">
     <span class='ocr_line' id='line_1_1' title="bbox 1113 681 1153 745; baseline -0.025 0"><span class='ocrx_word' id='word_1_1' title='bbox 1113 681 1153 745; x_wconf 81' lang='lat'>15</span> 
     </span>
    </p>
   </div>
   <div class='ocr_carea' id='block_1_2' title="bbox 646 851 1595 1340">
    <p class='ocr_par' dir='ltr' id='par_1_2' title="bbox 646 851 1595 1340">
     <span class='ocr_line' id='line_1_2' title="bbox 1054 851 1202 916; baseline -0.007 -1"><span class='ocrx_word' id='word_1_2' title='bbox 1054 851 1202 916; x_wconf 89' lang='lat' dir='ltr'>Juvenes.</span> 
     </span>
     <span class='ocr_line' id='line_1_3' title="bbox 648 950 1536 1035; baseline 0.002 -20"><span class='ocrx_word' id='word_1_3' title='bbox 648 951 820 1035; x_wconf 82' lang='lat' dir='ltr'>,Hesperus</span> <span class='ocrx_word' id='word_1_4' title='bbox 843 971 861 1014; x_wconf 94' lang='lat' dir='ltr'>e</span> <span class='ocrx_word' id='word_1_5' title='bbox 884 950 983 1028; x_wconf 91' lang='lat' dir='ltr'>uobis,</span> <span class='ocrx_word' id='word_1_6' title='bbox 1007 952 1145 1027; x_wconf 89' lang='lat' dir='ltr'>iuvenes,</span> <span class='ocrx_word' id='word_1_7' title='bbox 1169 971 1319 1034; x_wconf 81' lang='lat' dir='ltr'><strong>sponsam</strong></span> <span class='ocrx_word' id='word_1_8' title='bbox 1341 951 1452 1015; x_wconf 91' lang='lat' dir='ltr'>attulit</span> <span class='ocrx_word' id='word_1_9' title='bbox 1473 955 1536 1018; x_wconf 90' lang='lat' dir='ltr'>uni.</span> 
     </span>
     <span class='ocr_line' id='line_1_4' title="bbox 648 1051 1594 1136; baseline 0.002 -20"><span class='ocrx_word' id='word_1_10' title='bbox 648 1053 799 1136; x_wconf 77' lang='lat' dir='ltr'>Hespero,</span> <span class='ocrx_word' id='word_1_11' title='bbox 824 1060 940 1117; x_wconf 88' lang='lat' dir='ltr'>cuncta</span> <span class='ocrx_word' id='word_1_12' title='bbox 960 1051 1077 1128; x_wconf 80' lang='lat' dir='ltr'>adfers,</span> <span class='ocrx_word' id='word_1_13' title='bbox 1100 1072 1181 1135; x_wconf 88' lang='lat' dir='ltr'>quae</span> <span class='ocrx_word' id='word_1_14' title='bbox 1205 1073 1339 1134; x_wconf 82' lang='lat' dir='ltr'>surgens</span> <span class='ocrx_word' id='word_1_15' title='bbox 1361 1051 1496 1118; x_wconf 90' lang='lat' dir='ltr'>abstulit</span> <span class='ocrx_word' id='word_1_16' title='bbox 1518 1053 1594 1118; x_wconf 82' lang='lat' dir='ltr'>Eos:</span> 
     </span>
     <span class='ocr_line' id='line_1_5' title="bbox 646 1153 1595 1237; baseline 0.001 -20"><span class='ocrx_word' id='word_1_17' title='bbox 646 1154 790 1237; x_wconf 87' lang='lat' dir='ltr'>Namque</span> <span class='ocrx_word' id='word_1_18' title='bbox 813 1153 919 1218; x_wconf 84' lang='lat' dir='ltr'>adfers</span> <span class='ocrx_word' id='word_1_19' title='bbox 942 1156 1036 1218; x_wconf 88' lang='lat' dir='ltr'>matri</span> <span class='ocrx_word' id='word_1_20' title='bbox 1060 1175 1194 1236; x_wconf 89' lang='lat' dir='ltr'>puerum</span> <span class='ocrx_word' id='word_1_21' title='bbox 1217 1161 1398 1236; x_wconf 80' lang='lat' dir='ltr'>nuptaeque</span> <span class='ocrx_word' id='word_1_22' title='bbox 1421 1156 1595 1232; x_wconf 90' lang='lat' dir='ltr'>maritum‘;</span> 
     </span>
     <span class='ocr_line' id='line_1_6' title="bbox 915 1256 1344 1340; baseline -0.002 -21"><span class='ocrx_word' id='word_1_23' title='bbox 915 1262 1106 1340; x_wconf 60' lang='lat' dir='ltr'>(sequuntur</span> <span class='ocrx_word' id='word_1_24' title='bbox 1127 1276 1172 1322; x_wconf 87' lang='lat' dir='ltr'>vv.</span> <span class='ocrx_word' id='word_1_25' title='bbox 1196 1256 1344 1338; x_wconf 72' lang='lat' dir='ltr'>act-38).</span> 
     </span>
    </p>
   </div>
   <div class='ocr_carea' id='block_1_3' title="bbox 309 1389 1955 2286">
    <p class='ocr_par' dir='ltr' id='par_1_3' title="bbox 311 1389 1955 1677">
     <span class='ocr_line' id='line_1_7' title="bbox 437 1389 1955 1473; baseline -0.001 -19"><span class='ocrx_word' id='word_1_26' title='bbox 437 1391 504 1455; x_wconf 90' lang='lat' dir='ltr'>Hae</span> <span class='ocrx_word' id='word_1_27' title='bbox 527 1411 630 1472; x_wconf 84' lang='lat' dir='ltr'>nugae</span> <span class='ocrx_word' id='word_1_28' title='bbox 653 1399 739 1468; x_wconf 87' lang='lat' dir='ltr'>sunt;</span> <span class='ocrx_word' id='word_1_29' title='bbox 770 1399 937 1473; x_wconf 85' lang='lat' dir='ltr'>praeterea</span> <span class='ocrx_word' id='word_1_30' title='bbox 966 1390 1045 1454; x_wconf 88' lang='lat' dir='ltr'>haee</span> <span class='ocrx_word' id='word_1_31' title='bbox 1067 1411 1215 1455; x_wconf 88' lang='lat' dir='ltr'>versuum</span> <span class='ocrx_word' id='word_1_32' title='bbox 1244 1391 1438 1454; x_wconf 90' lang='lat' dir='ltr'>traditorum</span> <span class='ocrx_word' id='word_1_33' title='bbox 1460 1389 1646 1454; x_wconf 76' lang='lat' dir='ltr'>distributio</span> <span class='ocrx_word' id='word_1_34' title='bbox 1669 1390 1750 1455; x_wconf 90' lang='lat' dir='ltr'>falsa</span> <span class='ocrx_word' id='word_1_35' title='bbox 1778 1397 1829 1455; x_wconf 90' lang='lat' dir='ltr'>est</span> <span class='ocrx_word' id='word_1_36' title='bbox 1858 1396 1955 1471; x_wconf 89' lang='lat' dir='ltr'>atque</span> 
     </span>
     <span class='ocr_line' id='line_1_8' title="bbox 311 1491 1955 1575; baseline -0.002 -15"><span class='ocrx_word' id='word_1_37' title='bbox 311 1493 470 1560; x_wconf 87' lang='lat' dir='ltr'>sententia</span> <span class='ocrx_word' id='word_1_38' title='bbox 491 1513 648 1568; x_wconf 86' lang='lat' dir='ltr'>versuum,</span> <span class='ocrx_word' id='word_1_39' title='bbox 672 1514 750 1575; x_wconf 89' lang='lat' dir='ltr'>quos</span> <span class='ocrx_word' id='word_1_40' title='bbox 767 1491 938 1558; x_wconf 86' lang='lat' dir='ltr'>Koechlius</span> <span class='ocrx_word' id='word_1_41' title='bbox 957 1492 1143 1573; x_wconf 89' lang='lat' dir='ltr'>composuit,</span> <span class='ocrx_word' id='word_1_42' title='bbox 1168 1492 1208 1555; x_wconf 91' lang='lat' dir='ltr'>ab</span> <span class='ocrx_word' id='word_1_43' title='bbox 1226 1491 1293 1556; x_wconf 89' lang='lat' dir='ltr'>eius</span> <span class='ocrx_word' id='word_1_44' title='bbox 1310 1491 1370 1554; x_wconf 93' lang='lat' dir='ltr'>loci</span> <span class='ocrx_word' id='word_1_45' title='bbox 1388 1512 1518 1568; x_wconf 83' lang='lat' dir='ltr'>conexu,</span> <span class='ocrx_word' id='word_1_46' title='bbox 1542 1492 1668 1574; x_wconf 86' lang='lat' dir='ltr'>qualem</span> <span class='ocrx_word' id='word_1_47' title='bbox 1690 1511 1794 1572; x_wconf 87' lang='lat' dir='ltr'>supra·</span> <span class='ocrx_word' id='word_1_48' title='bbox 1810 1492 1955 1556; x_wconf 87' lang='lat' dir='ltr'>enuclea-</span> 
     </span>
     <span class='ocr_line' id='line_1_9' title="bbox 313 1593 722 1677; baseline -0.002 -19"><span class='ocrx_word' id='word_1_49' title='bbox 313 1597 424 1672; x_wconf 81' lang='lat' dir='ltr'>vimus,</span> <span class='ocrx_word' id='word_1_50' title='bbox 446 1595 538 1677; x_wconf 86' lang='lat' dir='ltr'>plane</span> <span class='ocrx_word' id='word_1_51' title='bbox 561 1593 722 1658; x_wconf 88' lang='lat' dir='ltr'>abhorret.</span> 
     </span>
    </p>

    <p class='ocr_par' dir='ltr' id='par_1_4' title="bbox 309 1693 1955 2286">
     <span class='ocr_line' id='line_1_10' title="bbox 436 1693 1955 1778; baseline -0.002 -19"><span class='ocrx_word' id='word_1_52' title='bbox 436 1695 471 1759; x_wconf 90' lang='lat' dir='ltr'>ln</span> <span class='ocrx_word' id='word_1_53' title='bbox 494 1697 623 1760; x_wconf 90' lang='lat' dir='ltr'>eosdem</span> <span class='ocrx_word' id='word_1_54' title='bbox 646 1695 711 1760; x_wconf 83' lang='lat' dir='ltr'>fere</span> <span class='ocrx_word' id='word_1_55' title='bbox 734 1716 857 1759; x_wconf 86' lang='lat' dir='ltr'>errores</span> <span class='ocrx_word' id='word_1_56' title='bbox 880 1695 1039 1760; x_wconf 89' lang='lat' dir='ltr'>deductus</span> <span class='ocrx_word' id='word_1_57' title='bbox 1063 1702 1112 1758; x_wconf 90' lang='lat' dir='ltr'>est</span> <span class='ocrx_word' id='word_1_58' title='bbox 1134 1694 1333 1776; x_wconf 86' lang='lat' dir='ltr'>Hartungius</span> <span class='ocrx_word' id='word_1_59' title='bbox 1360 1693 1393 1778; x_wconf 72' lang='lat' dir='ltr'>(l.</span> <span class='ocrx_word' id='word_1_60' title='bbox 1416 1694 1436 1757; x_wconf 94' lang='lat' dir='ltr'>l.</span> <span class='ocrx_word' id='word_1_61' title='bbox 1456 1714 1486 1774; x_wconf 87' lang='lat' dir='ltr'>p.</span> <span class='ocrx_word' id='word_1_62' title='bbox 1509 1695 1571 1758; x_wconf 80' lang='lat'>239</span> <span class='ocrx_word' id='word_1_63' title='bbox 1594 1695 1655 1777; x_wconf 90' lang='lat' dir='ltr'>sq.)</span> <span class='ocrx_word' id='word_1_64' title='bbox 1677 1693 1759 1758; x_wconf 88' lang='lat' dir='ltr'>haee</span> <span class='ocrx_word' id='word_1_65' title='bbox 1781 1694 1955 1758; x_wconf 89' lang='lat' dir='ltr'>disserens:</span> 
     </span>
     <span class='ocr_line' id='line_1_11' title="bbox 314 1795 1955 1882; baseline 0.001 -20"><span class='ocrx_word' id='word_1_66' title='bbox 314 1798 371 1862; x_wconf 86' lang='lat' dir='ltr'>Die</span> <span class='ocrx_word' id='word_1_67' title='bbox 392 1797 548 1861; x_wconf 79' lang='lat' dir='ltr'>Miidchen</span> <span class='ocrx_word' id='word_1_68' title='bbox 579 1795 683 1860; x_wconf 89' lang='lat' dir='ltr'>haben</span> <span class='ocrx_word' id='word_1_69' title='bbox 713 1798 773 1860; x_wconf 92' lang='lat' dir='ltr'>mit</span> <span class='ocrx_word' id='word_1_70' title='bbox 802 1799 875 1860; x_wconf 89' lang='lat' dir='ltr'>dem</span> <span class='ocrx_word' id='word_1_71' title='bbox 895 1796 1017 1861; x_wconf 75' lang='lat' dir='ltr'>namen</span> <span class='ocrx_word' id='word_1_72' title='bbox 1036 1803 1203 1882; x_wconf 64' lang='lat' dir='ltr'>secusque</span> <span class='ocrx_word' id='word_1_73' title='bbox 1225 1796 1292 1858; x_wconf 82' lang='lat' dir='ltr'>und</span> <span class='ocrx_word' id='word_1_74' title='bbox 1305 1801 1389 1874; x_wconf 80' lang='grc' dir='ltr'>Ἕως</span> <span class='ocrx_word' id='word_1_75' title='bbox 1411 1796 1489 1858; x_wconf 89' lang='lat' dir='ltr'>oder</span> <span class='ocrx_word' id='word_1_76' title='bbox 1503 1800 1604 1880; x_wconf 71' lang='grc' dir='ltr'><strong><em>Ἑῷος</em></strong></span> <span class='ocrx_word' id='word_1_77' title='bbox 1625 1795 1769 1876; x_wconf 60' lang='lat' dir='ltr'>simplest,</span> <span class='ocrx_word' id='word_1_78' title='bbox 1793 1795 1955 1869; x_wconf 66' lang='lat' dir='ltr'>alskiinm</span> 
     </span>
     <span class='ocr_line' id='line_1_12' title="bbox 312 1896 1954 1992; baseline -0.003 -28"><span class='ocrx_word' id='word_1_79' title='bbox 312 1901 368 1964; x_wconf 90' lang='lat' dir='ltr'>der</span> <span class='ocrx_word' id='word_1_80' title='bbox 390 1909 508 1964; x_wconf 87' lang='lat' dir='ltr'>erstere</span> <span class='ocrx_word' id='word_1_81' title='bbox 530 1899 631 1962; x_wconf 84' lang='lat' dir='ltr'>Nemo</span> <span class='ocrx_word' id='word_1_82' title='bbox 654 1919 714 1964; x_wconf 86' lang='lat' dir='ltr'>von</span> <span class='ocrx_word' id='word_1_83' title='bbox 737 1909 846 1992; x_wconf 82' lang='grc' dir='ltr'><strong><em>φέρειν</em></strong></span> <span class='ocrx_word' id='word_1_84' title='bbox 874 1899 1025 1976; x_wconf 82' lang='lat' dir='ltr'>,rauben‘,</span> <span class='ocrx_word' id='word_1_85' title='bbox 1057 1900 1114 1962; x_wconf 91' lang='lat' dir='ltr'>der</span> <span class='ocrx_word' id='word_1_86' title='bbox 1143 1898 1260 1962; x_wconf 88' lang='lat' dir='ltr'>andere</span> <span class='ocrx_word' id='word_1_87' title='bbox 1282 1919 1343 1960; x_wconf 91' lang='lat' dir='ltr'>von</span> <span class='ocrx_word' id='word_1_88' title='bbox 1366 1901 1423 1968; x_wconf 74' lang='grc' dir='ltr'>ἐᾶν</span> <span class='ocrx_word' id='word_1_89' title='bbox 1447 1896 1621 1974; x_wconf 79' lang='lat' dir='ltr'>,loslassen‘</span> <span class='ocrx_word' id='word_1_90' title='bbox 1653 1897 1723 1978; x_wconf 84' lang='lat' dir='ltr'>(der</span> <span class='ocrx_word' id='word_1_91' title='bbox 1744 1896 1859 1978; x_wconf 81' lang='lat' dir='ltr'>Diebe)</span> <span class='ocrx_word' id='word_1_92' title='bbox 1888 1896 1954 1959; x_wconf 87' lang='lat' dir='ltr'>her.</span> 
     </span>
     <span class='ocr_line' id='line_1_13' title="bbox 311 1997 1954 2084; baseline -0.002 -20"><span class='ocrx_word' id='word_1_93' title='bbox 311 2001 368 2064; x_wconf 89' lang='lat' dir='ltr'>Die</span> <span class='ocrx_word' id='word_1_94' title='bbox 390 2001 562 2084; x_wconf 86' lang='lat' dir='ltr'>Jiiuglinge</span> <span class='ocrx_word' id='word_1_95' title='bbox 585 2001 734 2064; x_wconf 88' lang='lat' dir='ltr'>stimmen</span> <span class='ocrx_word' id='word_1_96' title='bbox 757 2001 789 2064; x_wconf 92' lang='lat' dir='ltr'>in</span> <span class='ocrx_word' id='word_1_97' title='bbox 813 1999 864 2064; x_wconf 91' lang='lat' dir='ltr'>die</span> <span class='ocrx_word' id='word_1_98' title='bbox 888 2000 1060 2082; x_wconf 85' lang='lat' dir='ltr'>Ableitung</span> <span class='ocrx_word' id='word_1_99' title='bbox 1083 2001 1144 2076; x_wconf 86' lang='lat' dir='ltr'>ein,</span> <span class='ocrx_word' id='word_1_100' title='bbox 1174 1997 1325 2063; x_wconf 90' lang='lat' dir='ltr'>schieben</span> <span class='ocrx_word' id='word_1_101' title='bbox 1355 1999 1433 2062; x_wconf 88' lang='lat' dir='ltr'>aber</span> <span class='ocrx_word' id='word_1_102' title='bbox 1462 1999 1579 2062; x_wconf 89' lang='lat' dir='ltr'>andere</span> <span class='ocrx_word' id='word_1_103' title='bbox 1601 1997 1830 2080; x_wconf 88' lang='lat' dir='ltr'>Bedeutungen</span> <span class='ocrx_word' id='word_1_104' title='bbox 1852 2006 1954 2074; x_wconf 88' lang='lat' dir='ltr'>auter,</span> 
     </span>
     <span class='ocr_line' id='line_1_14' title="bbox 309 2099 1955 2196; baseline -0.005 -26"><span class='ocrx_word' id='word_1_105' title='bbox 309 2113 417 2196; x_wconf 78' lang='grc' dir='ltr'><strong><em>φέρειν</em></strong></span> <span class='ocrx_word' id='word_1_106' title='bbox 440 2101 712 2184; x_wconf 77' lang='lat' dir='ltr'>‚niederbringem</span> <span class='ocrx_word' id='word_1_107' title='bbox 737 2102 912 2180; x_wconf 85' lang='lat' dir='ltr'>sammeln‘,</span> <span class='ocrx_word' id='word_1_108' title='bbox 936 2108 994 2172; x_wconf 76' lang='grc' dir='ltr'>ἐᾶν</span> <span class='ocrx_word' id='word_1_109' title='bbox 1018 2101 1199 2176; x_wconf 70' lang='lat' dir='ltr'>,entlassen3</span> <span class='ocrx_word' id='word_1_110' title='bbox 1223 2107 1425 2164; x_wconf 86' lang='lat' dir='ltr'>zerstreuen‘.</span> <span class='ocrx_word' id='word_1_111' title='bbox 1470 2099 1583 2182; x_wconf 89' lang='lat' dir='ltr'>Itaque</span> <span class='ocrx_word' id='word_1_112' title='bbox 1613 2101 1741 2164; x_wconf 89' lang='lat' dir='ltr'>iuvenes</span> <span class='ocrx_word' id='word_1_113' title='bbox 1771 2099 1850 2163; x_wconf 91' lang='lat' dir='ltr'>hacc</span> <span class='ocrx_word' id='word_1_114' title='bbox 1881 2121 1955 2162; x_wconf 90' lang='lat' dir='ltr'>oan-</span> 
     </span>
     <span class='ocr_line' id='line_1_15' title="bbox 309 2203 674 2286; baseline -0.005 -18"><span class='ocrx_word' id='word_1_115' title='bbox 309 2209 396 2268; x_wconf 82' lang='lat' dir='ltr'>tasse</span> <span class='ocrx_word' id='word_1_116' title='bbox 419 2204 505 2286; x_wconf 86' lang='lat' dir='ltr'>apud</span> <span class='ocrx_word' id='word_1_117' title='bbox 530 2203 674 2285; x_wconf 78' lang='lat' dir='ltr'>Sappho:</span> 
     </span>
    </p>
   </div>
   <div class='ocr_carea' id='block_1_4' title="bbox 647 2341 1625 2533">
    <p class='ocr_par' dir='ltr' id='par_1_5' title="bbox 647 2341 1625 2533">
     <span class='ocr_line' id='line_1_16' title="bbox 647 2341 1625 2429; baseline 0.002 -21"><span class='ocrx_word' id='word_1_118' title='bbox 647 2345 800 2426; x_wconf 67' lang='lat' dir='ltr'>faeneos,</span> <span class='ocrx_word' id='word_1_119' title='bbox 825 2349 931 2408; x_wconf 84' lang='grc' dir='ltr'><em>πάντα</em></span> <span class='ocrx_word' id='word_1_120' title='bbox 954 2350 1070 2429; x_wconf 85' lang='grc' dir='ltr'><strong><em>φέρεις,</em></strong></span> <span class='ocrx_word' id='word_1_121' title='bbox 1093 2341 1157 2410; x_wconf 82' lang='grc' dir='ltr'>ὅσα</span> <span class='ocrx_word' id='word_1_122' title='bbox 1179 2346 1329 2429; x_wconf 63' lang='lat' dir='ltr'>parvolae</span> <span class='ocrx_word' id='word_1_123' title='bbox 1350 2343 1499 2408; x_wconf 69' lang='lat' dir='ltr'>doxidoo&#39;</span> <span class='ocrx_word' id='word_1_124' title='bbox 1521 2341 1625 2416; x_wconf 81' lang='grc' dir='ltr'><strong><em>Αὔως,</em></strong></span> 
     </span>
     <span class='ocr_line' id='line_1_17' title="bbox 651 2437 1524 2533; baseline 0 -25"><span class='ocrx_word' id='word_1_125' title='bbox 651 2479 692 2489; x_wconf 86' lang='grc'>-</span> <span class='ocrx_word' id='word_1_126' title='bbox 716 2469 732 2508; x_wconf 90' lang='lat' dir='ltr'>o</span> <span class='ocrx_word' id='word_1_127' title='bbox 756 2451 867 2533; x_wconf 97' lang='grc' dir='ltr'><strong><em>φέρεις</em></strong></span> <span class='ocrx_word' id='word_1_128' title='bbox 889 2443 952 2524; x_wconf 74' lang='grc' dir='ltr'>ὄϊν,</span> <span class='ocrx_word' id='word_1_129' title='bbox 976 2437 1051 2526; x_wconf 78' lang='grc' dir='ltr'><em>αἶγα</em></span> <span class='ocrx_word' id='word_1_130' title='bbox 1075 2452 1185 2528; x_wconf 81' lang='grc' dir='ltr'><strong><em>φέρεις</em></strong></span> <span class='ocrx_word' id='word_1_131' title='bbox 1207 2445 1259 2511; x_wconf 82' lang='grc' dir='ltr'>καὶ</span> <span class='ocrx_word' id='word_1_132' title='bbox 1282 2449 1394 2527; x_wconf 83' lang='grc' dir='ltr'><strong><em>ματέρι</em></strong></span> <span class='ocrx_word' id='word_1_133' title='bbox 1416 2444 1524 2509; x_wconf 80' lang='grc' dir='ltr'><em>παῖδα</em></span> 
     </span>
    </p>
   </div>
   <div class='ocr_carea' id='block_1_5' title="bbox 310 2574 1961 5202">
    <p class='ocr_par' dir='ltr' id='par_1_6' title="bbox 310 2574 1957 3163">
     <span class='ocr_line' id='line_1_18' title="bbox 311 2574 1956 2660; baseline -0.003 -18"><span class='ocrx_word' id='word_1_134' title='bbox 311 2585 406 2660; x_wconf 87' lang='lat' dir='ltr'>atque</span> <span class='ocrx_word' id='word_1_135' title='bbox 429 2578 488 2642; x_wconf 92' lang='lat' dir='ltr'>hos</span> <span class='ocrx_word' id='word_1_136' title='bbox 510 2599 619 2643; x_wconf 81' lang='lat' dir='ltr'>versus</span> <span class='ocrx_word' id='word_1_137' title='bbox 642 2599 661 2640; x_wconf 91' lang='lat' dir='ltr'>a</span> <span class='ocrx_word' id='word_1_138' title='bbox 684 2577 808 2641; x_wconf 87' lang='lat' dir='ltr'>Catullo</span> <span class='ocrx_word' id='word_1_139' title='bbox 831 2597 997 2658; x_wconf 86' lang='lat' dir='ltr'>expressos</span> <span class='ocrx_word' id='word_1_140' title='bbox 1029 2597 1096 2641; x_wconf 83' lang='lat' dir='ltr'>asse</span> <span class='ocrx_word' id='word_1_141' title='bbox 1128 2576 1193 2639; x_wconf 90' lang='lat' dir='ltr'>fere</span> <span class='ocrx_word' id='word_1_142' title='bbox 1216 2577 1258 2639; x_wconf 88' lang='lat' dir='ltr'>ad</span> <span class='ocrx_word' id='word_1_143' title='bbox 1281 2575 1412 2640; x_wconf 90' lang='lat' dir='ltr'>verbum</span> <span class='ocrx_word' id='word_1_144' title='bbox 1439 2575 1619 2656; x_wconf 89' lang='lat' dir='ltr'>suspicatus</span> <span class='ocrx_word' id='word_1_145' title='bbox 1649 2582 1707 2638; x_wconf 93' lang='lat' dir='ltr'>est.</span> <span class='ocrx_word' id='word_1_146' title='bbox 1753 2574 1854 2650; x_wconf 81' lang='lat' dir='ltr'>Quam</span> <span class='ocrx_word' id='word_1_147' title='bbox 1884 2595 1956 2638; x_wconf 91' lang='lat' dir='ltr'>sen-</span> 
     </span>
     <span class='ocr_line' id='line_1_19' title="bbox 310 2675 1957 2760; baseline -0.003 -17"><span class='ocrx_word' id='word_1_148' title='bbox 310 2680 445 2743; x_wconf 88' lang='lat' dir='ltr'>tentiam</span> <span class='ocrx_word' id='word_1_149' title='bbox 468 2699 649 2760; x_wconf 77' lang='lat' dir='ltr'>perversam</span> <span class='ocrx_word' id='word_1_150' title='bbox 672 2700 740 2744; x_wconf 90' lang='lat' dir='ltr'>esse</span> <span class='ocrx_word' id='word_1_151' title='bbox 761 2679 810 2741; x_wconf 87' lang='lat' dir='ltr'>vel</span> <span class='ocrx_word' id='word_1_152' title='bbox 833 2700 869 2742; x_wconf 91' lang='lat' dir='ltr'>eo</span> <span class='ocrx_word' id='word_1_153' title='bbox 890 2685 1033 2760; x_wconf 88' lang='lat' dir='ltr'>apparet,</span> <span class='ocrx_word' id='word_1_154' title='bbox 1058 2680 1152 2760; x_wconf 94' lang='lat' dir='ltr'>quod,</span> <span class='ocrx_word' id='word_1_155' title='bbox 1176 2685 1214 2740; x_wconf 89' lang='lat' dir='ltr'>ut</span> <span class='ocrx_word' id='word_1_156' title='bbox 1236 2675 1522 2758; x_wconf 89' lang='lat' dir='ltr'>optimeWeberns</span> <span class='ocrx_word' id='word_1_157' title='bbox 1545 2677 1719 2750; x_wconf 85' lang='lat' dir='ltr'>admonuit,</span> <span class='ocrx_word' id='word_1_158' title='bbox 1744 2675 1957 2740; x_wconf 87' lang='lat' dir='ltr'>certissimum</span> 
     </span>
     <span class='ocr_line' id='line_1_20' title="bbox 310 2776 1957 2862; baseline -0.002 -18"><span class='ocrx_word' id='word_1_159' title='bbox 310 2787 360 2845; x_wconf 85' lang='lat' dir='ltr'>est</span> <span class='ocrx_word' id='word_1_160' title='bbox 389 2782 473 2845; x_wconf 92' lang='lat' dir='ltr'>sicut</span> <span class='ocrx_word' id='word_1_161' title='bbox 502 2781 534 2843; x_wconf 92' lang='lat' dir='ltr'>in</span> <span class='ocrx_word' id='word_1_162' title='bbox 563 2781 667 2862; x_wconf 88' lang='lat' dir='ltr'>prima</span> <span class='ocrx_word' id='word_1_163' title='bbox 696 2779 828 2862; x_wconf 88' lang='lat' dir='ltr'>stropha</span> <span class='ocrx_word' id='word_1_164' title='bbox 858 2779 910 2843; x_wconf 90' lang='lat' dir='ltr'>hie</span> <span class='ocrx_word' id='word_1_165' title='bbox 933 2801 1059 2862; x_wconf 91' lang='lat' dir='ltr'>quoque</span> <span class='ocrx_word' id='word_1_166' title='bbox 1082 2781 1121 2842; x_wconf 87' lang='lat' dir='ltr'>da</span> <span class='ocrx_word' id='word_1_167' title='bbox 1145 2778 1288 2860; x_wconf 84' lang='lat' dir='ltr'>Hespero</span> <span class='ocrx_word' id='word_1_168' title='bbox 1317 2785 1445 2841; x_wconf 88' lang='lat' dir='ltr'>tantum</span> <span class='ocrx_word' id='word_1_169' title='bbox 1478 2779 1565 2860; x_wconf 90' lang='lat' dir='ltr'>queri</span> <span class='ocrx_word' id='word_1_170' title='bbox 1600 2776 1722 2858; x_wconf 91' lang='lat' dir='ltr'>puellas</span> <span class='ocrx_word' id='word_1_171' title='bbox 1751 2776 1895 2859; x_wconf 85' lang='lat' dir='ltr'>nihilque</span> <span class='ocrx_word' id='word_1_172' title='bbox 1917 2779 1957 2840; x_wconf 91' lang='lat' dir='ltr'>de</span> 
     </span>
     <span class='ocr_line' id='line_1_21' title="bbox 311 2876 1956 2960; baseline -0.002 -16"><span class='ocrx_word' id='word_1_173' title='bbox 311 2881 376 2945; x_wconf 90' lang='lat' dir='ltr'>Eoo</span> <span class='ocrx_word' id='word_1_174' title='bbox 398 2881 570 2946; x_wconf 85' lang='lat' dir='ltr'>addidisse.</span> <span class='ocrx_word' id='word_1_175' title='bbox 616 2883 716 2958; x_wconf 78' lang='lat' dir='ltr'>Quem</span> <span class='ocrx_word' id='word_1_176' title='bbox 746 2881 803 2945; x_wconf 92' lang='lat' dir='ltr'>soli</span> <span class='ocrx_word' id='word_1_177' title='bbox 834 2882 963 2943; x_wconf 87' lang='lat' dir='ltr'>iuvenes</span> <span class='ocrx_word' id='word_1_178' title='bbox 995 2885 1257 2954; x_wconf 87' lang='lat' dir='ltr'>commemorant,</span> <span class='ocrx_word' id='word_1_179' title='bbox 1288 2879 1344 2942; x_wconf 89' lang='lat' dir='ltr'>scd</span> <span class='ocrx_word' id='word_1_180' title='bbox 1372 2880 1419 2942; x_wconf 89' lang='lat' dir='ltr'>ita</span> <span class='ocrx_word' id='word_1_181' title='bbox 1440 2883 1477 2940; x_wconf 91' lang='lat' dir='ltr'>ut</span> <span class='ocrx_word' id='word_1_182' title='bbox 1498 2877 1538 2941; x_wconf 92' lang='lat' dir='ltr'>ab</span> <span class='ocrx_word' id='word_1_183' title='bbox 1561 2876 1696 2959; x_wconf 86' lang='lat' dir='ltr'>Hesperi</span> <span class='ocrx_word' id='word_1_184' title='bbox 1726 2877 1956 2960; x_wconf 87' lang='lat' dir='ltr'>significatione</span> 
     </span>
     <span class='ocr_line' id='line_1_22' title="bbox 310 2978 1955 3065; baseline -0.002 -20"><span class='ocrx_word' id='word_1_185' title='bbox 310 2981 445 3063; x_wconf 84' lang='lat' dir='ltr'>profecti</span> <span class='ocrx_word' id='word_1_186' title='bbox 478 2991 642 3065; x_wconf 86' lang='lat' dir='ltr'>tamquam</span> <span class='ocrx_word' id='word_1_187' title='bbox 671 2983 794 3064; x_wconf 91' lang='lat' dir='ltr'>aliquid</span> <span class='ocrx_word' id='word_1_188' title='bbox 823 2984 894 3046; x_wconf 87' lang='lat' dir='ltr'>novi</span> <span class='ocrx_word' id='word_1_189' title='bbox 927 2983 1064 3058; x_wconf 86' lang='lat' dir='ltr'>addant,</span> <span class='ocrx_word' id='word_1_190' title='bbox 1108 2981 1243 3043; x_wconf 90' lang='lat' dir='ltr'>eundem</span> <span class='ocrx_word' id='word_1_191' title='bbox 1276 2987 1402 3043; x_wconf 91' lang='lat' dir='ltr'>mutato</span> <span class='ocrx_word' id='word_1_192' title='bbox 1435 2987 1561 3042; x_wconf 86' lang='lat' dir='ltr'>tantam</span> <span class='ocrx_word' id='word_1_193' title='bbox 1590 2981 1715 3044; x_wconf 89' lang='lat' dir='ltr'>nomine</span> <span class='ocrx_word' id='word_1_194' title='bbox 1746 2999 1815 3044; x_wconf 88' lang='lat' dir='ltr'>esse</span> <span class='ocrx_word' id='word_1_195' title='bbox 1845 2978 1955 3043; x_wconf 89' lang='lat' dir='ltr'>Eoum.</span> 
     </span>
     <span class='ocr_line' id='line_1_23' title="bbox 317 3079 1403 3163; baseline -0.004 -17"><span class='ocrx_word' id='word_1_196' title='bbox 317 3082 435 3147; x_wconf 87' lang='lat' dir='ltr'>Deinde</span> <span class='ocrx_word' id='word_1_197' title='bbox 457 3084 494 3150; x_wconf 88' lang='lat' dir='ltr'>fr.</span> <span class='ocrx_word' id='word_1_198' title='bbox 518 3085 568 3160; x_wconf 74' lang='lat'>95,</span> <span class='ocrx_word' id='word_1_199' title='bbox 594 3085 683 3147; x_wconf 90' lang='lat' dir='ltr'>cuius</span> <span class='ocrx_word' id='word_1_200' title='bbox 705 3084 841 3146; x_wconf 86' lang='lat' dir='ltr'>alterum</span> <span class='ocrx_word' id='word_1_201' title='bbox 863 3103 989 3147; x_wconf 90' lang='lat' dir='ltr'>versum</span> <span class='ocrx_word' id='word_1_202' title='bbox 1011 3081 1167 3163; x_wconf 80' lang='lat' dir='ltr'>Horgkius</span> <span class='ocrx_word' id='word_1_203' title='bbox 1190 3084 1236 3145; x_wconf 90' lang='lat' dir='ltr'>sio</span> <span class='ocrx_word' id='word_1_204' title='bbox 1260 3079 1403 3143; x_wconf 86' lang='lat' dir='ltr'>exhibet:</span> 
     </span>
    </p>

    <p class='ocr_par' dir='ltr' id='par_1_7' title="bbox 312 3181 1956 3368">
     <span class='ocr_line' id='line_1_24' title="bbox 439 3181 1956 3279; baseline -0.007 -25"><span class='ocrx_word' id='word_1_205' title='bbox 439 3197 545 3279; x_wconf 88' lang='grc' dir='ltr'><strong><em>φέρεις</em></strong></span> <span class='ocrx_word' id='word_1_206' title='bbox 567 3183 631 3270; x_wconf 76' lang='lat' dir='ltr'>eiu,</span> <span class='ocrx_word' id='word_1_207' title='bbox 655 3195 764 3277; x_wconf 83' lang='grc' dir='ltr'><strong><em>φέρεις</em></strong></span> <span class='ocrx_word' id='word_1_208' title='bbox 786 3182 872 3268; x_wconf 83' lang='grc' dir='ltr'><em>αἶγα,</em></span> <span class='ocrx_word' id='word_1_209' title='bbox 895 3195 1001 3275; x_wconf 76' lang='grc' dir='ltr'><strong><em>φέρεις</em></strong></span> <span class='ocrx_word' id='word_1_210' title='bbox 1022 3187 1094 3254; x_wconf 80' lang='grc' dir='ltr'>ἄπα</span> <span class='ocrx_word' id='word_1_211' title='bbox 1116 3193 1229 3272; x_wconf 80' lang='grc' dir='ltr'>ματέρι</span> <span class='ocrx_word' id='word_1_212' title='bbox 1252 3189 1359 3251; x_wconf 75' lang='grc' dir='ltr'><em>παῖδα</em></span> <span class='ocrx_word' id='word_1_213' title='bbox 1385 3183 1418 3244; x_wconf 91' lang='lat' dir='ltr'>in</span> <span class='ocrx_word' id='word_1_214' title='bbox 1441 3181 1709 3262; x_wconf 82' lang='lat' dir='ltr'>comparationem</span> <span class='ocrx_word' id='word_1_215' title='bbox 1739 3183 1864 3246; x_wconf 90' lang='lat' dir='ltr'>omnino</span> <span class='ocrx_word' id='word_1_216' title='bbox 1894 3202 1956 3245; x_wconf 92' lang='lat' dir='ltr'>non</span> 
     </span>
     <span class='ocr_line' id='line_1_25' title="bbox 312 3283 1638 3368; baseline -0.002 -18"><span class='ocrx_word' id='word_1_217' title='bbox 312 3306 403 3367; x_wconf 89' lang='lat' dir='ltr'>pesse</span> <span class='ocrx_word' id='word_1_218' title='bbox 427 3288 531 3352; x_wconf 87' lang='lat' dir='ltr'>vocari</span> <span class='ocrx_word' id='word_1_219' title='bbox 555 3288 619 3350; x_wconf 88' lang='lat' dir='ltr'>iam</span> <span class='ocrx_word' id='word_1_220' title='bbox 642 3287 679 3350; x_wconf 90' lang='lat' dir='ltr'>G.</span> <span class='ocrx_word' id='word_1_221' title='bbox 705 3286 906 3350; x_wconf 90' lang='lat' dir='ltr'>Hermannus</span> <span class='ocrx_word' id='word_1_222' title='bbox 928 3295 1014 3349; x_wconf 89' lang='lat' dir='ltr'>recte</span> <span class='ocrx_word' id='word_1_223' title='bbox 1037 3285 1265 3348; x_wconf 89' lang='lat' dir='ltr'>animadvertit</span> <span class='ocrx_word' id='word_1_224' title='bbox 1287 3289 1408 3368; x_wconf 83' lang='lat' dir='ltr'>(opusc.</span> <span class='ocrx_word' id='word_1_225' title='bbox 1433 3283 1477 3346; x_wconf 86' lang='lat' dir='ltr'>Vl</span> <span class='ocrx_word' id='word_1_226' title='bbox 1499 3305 1529 3365; x_wconf 90' lang='lat' dir='ltr'>p.</span> <span class='ocrx_word' id='word_1_227' title='bbox 1556 3285 1638 3364; x_wconf 78' lang='grc'>134).</span> 
     </span>
    </p>

    <p class='ocr_par' dir='ltr' id='par_1_8' title="bbox 310 3384 1961 5202">
     <span class='ocr_line' id='line_1_26' title="bbox 438 3384 1957 3472; baseline -0.003 -18"><span class='ocrx_word' id='word_1_228' title='bbox 438 3389 715 3472; x_wconf 83' lang='lat' dir='ltr'>Comparationem</span> <span class='ocrx_word' id='word_1_229' title='bbox 735 3389 871 3469; x_wconf 86' lang='lat' dir='ltr'>denique</span> <span class='ocrx_word' id='word_1_230' title='bbox 895 3388 981 3451; x_wconf 88' lang='lat' dir='ltr'>illam</span> <span class='ocrx_word' id='word_1_231' title='bbox 1004 3388 1136 3468; x_wconf 88' lang='lat' dir='ltr'>virginis</span> <span class='ocrx_word' id='word_1_232' title='bbox 1159 3407 1230 3450; x_wconf 91' lang='lat' dir='ltr'>cum</span> <span class='ocrx_word' id='word_1_233' title='bbox 1252 3386 1316 3450; x_wconf 88' lang='lat' dir='ltr'>vite</span> <span class='ocrx_word' id='word_1_234' title='bbox 1338 3385 1456 3449; x_wconf 86' lang='lat' dir='ltr'>factam</span> <span class='ocrx_word' id='word_1_235' title='bbox 1478 3392 1538 3467; x_wconf 87' lang='lat' dir='ltr'>(vv.</span> <span class='ocrx_word' id='word_1_236' title='bbox 1556 3386 1598 3448; x_wconf 98' lang='grc'>49</span> <span class='ocrx_word' id='word_1_237' title='bbox 1617 3390 1679 3467; x_wconf 83' lang='lat' dir='ltr'>sq.)</span> <span class='ocrx_word' id='word_1_238' title='bbox 1698 3384 1852 3450; x_wconf 90' lang='lat' dir='ltr'>Weberus</span> <span class='ocrx_word' id='word_1_239' title='bbox 1876 3407 1957 3449; x_wconf 91' lang='lat' dir='ltr'>unus</span> 
     </span>
     <span class='ocr_line' id='line_1_27' title="bbox 311 3486 1957 3572; baseline -0.003 -17"><span class='ocrx_word' id='word_1_240' title='bbox 311 3492 455 3572; x_wconf 71' lang='lat' dir='ltr'>poetriae</span> <span class='ocrx_word' id='word_1_241' title='bbox 472 3491 606 3556; x_wconf 84' lang='lat' dir='ltr'>Lesbiae</span> <span class='ocrx_word' id='word_1_242' title='bbox 627 3490 765 3554; x_wconf 85' lang='lat' dir='ltr'>indolem</span> <span class='ocrx_word' id='word_1_243' title='bbox 783 3499 815 3552; x_wconf 88' lang='lat' dir='ltr'>et</span> <span class='ocrx_word' id='word_1_244' title='bbox 833 3489 970 3554; x_wconf 90' lang='lat' dir='ltr'>colorem</span> <span class='ocrx_word' id='word_1_245' title='bbox 992 3489 1220 3572; x_wconf 81' lang='lat' dir='ltr'>praeseferre</span> <span class='ocrx_word' id='word_1_246' title='bbox 1242 3488 1416 3551; x_wconf 86' lang='lat' dir='ltr'>contendit.</span> <span class='ocrx_word' id='word_1_247' title='bbox 1451 3486 1514 3550; x_wconf 85' lang='lat' dir='ltr'>Sed</span> <span class='ocrx_word' id='word_1_248' title='bbox 1537 3488 1575 3551; x_wconf 90' lang='lat' dir='ltr'>iis</span> <span class='ocrx_word' id='word_1_249' title='bbox 1598 3506 1679 3568; x_wconf 74' lang='lat' dir='ltr'>(quae</span> <span class='ocrx_word' id='word_1_250' title='bbox 1701 3487 1742 3550; x_wconf 88' lang='lat' dir='ltr'>ad</span> <span class='ocrx_word' id='word_1_251' title='bbox 1765 3487 1957 3550; x_wconf 87' lang='lat' dir='ltr'>sententiam</span> 
     </span>
     <span class='ocr_line' id='line_1_28' title="bbox 311 3587 1956 3673; baseline -0.004 -18"><span class='ocrx_word' id='word_1_252' title='bbox 311 3612 402 3656; x_wconf 88' lang='lat' dir='ltr'>suam</span> <span class='ocrx_word' id='word_1_253' title='bbox 424 3591 693 3673; x_wconf 87' lang='lat' dir='ltr'>comprobandam</span> <span class='ocrx_word' id='word_1_254' title='bbox 715 3590 919 3673; x_wconf 86' lang='lat' dir='ltr'>argutissimo</span> <span class='ocrx_word' id='word_1_255' title='bbox 945 3590 1069 3672; x_wconf 85' lang='lat' dir='ltr'>profect</span> <span class='ocrx_word' id='word_1_256' title='bbox 1091 3589 1122 3672; x_wconf 77' lang='lat' dir='ltr'>(l.</span> <span class='ocrx_word' id='word_1_257' title='bbox 1148 3588 1167 3656; x_wconf 96' lang='lat' dir='ltr'>l.</span> <span class='ocrx_word' id='word_1_258' title='bbox 1191 3611 1221 3670; x_wconf 87' lang='lat' dir='ltr'>p.</span> <span class='ocrx_word' id='word_1_259' title='bbox 1245 3590 1285 3653; x_wconf 76' lang='lat' dir='ltr'>el</span> <span class='ocrx_word' id='word_1_260' title='bbox 1309 3595 1373 3671; x_wconf 90' lang='lat' dir='ltr'>sq.)</span> <span class='ocrx_word' id='word_1_261' title='bbox 1403 3589 1455 3650; x_wconf 82' lang='lat' dir='ltr'>vix</span> <span class='ocrx_word' id='word_1_262' title='bbox 1485 3589 1654 3670; x_wconf 91' lang='lat' dir='ltr'>quisquam</span> <span class='ocrx_word' id='word_1_263' title='bbox 1683 3588 1799 3651; x_wconf 84' lang='lat' dir='ltr'>adduci</span> <span class='ocrx_word' id='word_1_264' title='bbox 1829 3587 1956 3668; x_wconf 78' lang='lat' dir='ltr'>poterit,</span> 
     </span>
     <span class='ocr_line' id='line_1_29' title="bbox 310 3689 1958 3772; baseline -0.002 -16"><span class='ocrx_word' id='word_1_265' title='bbox 310 3700 348 3757; x_wconf 93' lang='lat' dir='ltr'>ut</span> <span class='ocrx_word' id='word_1_266' title='bbox 369 3714 442 3756; x_wconf 92' lang='lat' dir='ltr'>eum</span> <span class='ocrx_word' id='word_1_267' title='bbox 464 3701 550 3756; x_wconf 86' lang='lat' dir='ltr'>recte</span> <span class='ocrx_word' id='word_1_268' title='bbox 577 3693 734 3756; x_wconf 83' lang='lat' dir='ltr'>iudicasse</span> <span class='ocrx_word' id='word_1_269' title='bbox 766 3693 936 3757; x_wconf 84' lang='lat' dir='ltr'>existimet.</span> <span class='ocrx_word' id='word_1_270' title='bbox 982 3692 1049 3755; x_wconf 90' lang='lat' dir='ltr'>lam</span> <span class='ocrx_word' id='word_1_271' title='bbox 1072 3691 1272 3767; x_wconf 83' lang='lat' dir='ltr'>Leutsehius,</span> <span class='ocrx_word' id='word_1_272' title='bbox 1305 3692 1356 3754; x_wconf 90' lang='lat' dir='ltr'>cui</span> <span class='ocrx_word' id='word_1_273' title='bbox 1379 3689 1544 3754; x_wconf 82' lang='lat' dir='ltr'>Fuerstius</span> <span class='ocrx_word' id='word_1_274' title='bbox 1574 3691 1757 3767; x_wconf 85' lang='lat' dir='ltr'>assentitur,</span> <span class='ocrx_word' id='word_1_275' title='bbox 1788 3690 1958 3772; x_wconf 79' lang='lat' dir='ltr'>imaginem</span> 
     </span>
     <span class='ocr_line' id='line_1_30' title="bbox 312 3791 1957 3878; baseline -0.002 -20"><span class='ocrx_word' id='word_1_276' title='bbox 312 3795 409 3858; x_wconf 88' lang='lat' dir='ltr'>evito</span> <span class='ocrx_word' id='word_1_277' title='bbox 433 3795 538 3872; x_wconf 85' lang='lat' dir='ltr'>„ulmo</span> <span class='ocrx_word' id='word_1_278' title='bbox 558 3797 727 3858; x_wconf 88' lang='lat' dir='ltr'>coniuncta</span> <span class='ocrx_word' id='word_1_279' title='bbox 749 3797 885 3858; x_wconf 61' lang='lat' dir='ltr'>maritam</span> <span class='ocrx_word' id='word_1_280' title='bbox 904 3805 944 3878; x_wconf 74' lang='lat' dir='ltr'>(v.</span> <span class='ocrx_word' id='word_1_281' title='bbox 961 3797 1016 3878; x_wconf 77' lang='lat'>54)</span> <span class='ocrx_word' id='word_1_282' title='bbox 1038 3797 1172 3876; x_wconf 86' lang='lat' dir='ltr'>petitam</span> <span class='ocrx_word' id='word_1_283' title='bbox 1197 3815 1258 3858; x_wconf 92' lang='lat' dir='ltr'>non</span> <span class='ocrx_word' id='word_1_284' title='bbox 1280 3815 1374 3876; x_wconf 90' lang='lat' dir='ltr'>posse</span> <span class='ocrx_word' id='word_1_285' title='bbox 1389 3815 1428 3856; x_wconf 82' lang='lat' dir='ltr'>ex</span> <span class='ocrx_word' id='word_1_286' title='bbox 1446 3791 1572 3874; x_wconf 86' lang='lat' dir='ltr'>Sappho</span> <span class='ocrx_word' id='word_1_287' title='bbox 1596 3791 1785 3856; x_wconf 86' lang='lat' dir='ltr'>translatam</span> <span class='ocrx_word' id='word_1_288' title='bbox 1808 3812 1877 3856; x_wconf 88' lang='lat' dir='ltr'>esse</span> <span class='ocrx_word' id='word_1_289' title='bbox 1900 3793 1957 3855; x_wconf 89' lang='lat' dir='ltr'>ad-</span> 
     </span>
     <span class='ocr_line' id='line_1_31' title="bbox 310 3893 1956 3977; baseline -0.002 -17"><span class='ocrx_word' id='word_1_290' title='bbox 310 3897 442 3972; x_wconf 89' lang='lat' dir='ltr'>monuit,</span> <span class='ocrx_word' id='word_1_291' title='bbox 466 3897 551 3977; x_wconf 91' lang='lat' dir='ltr'>quod</span> <span class='ocrx_word' id='word_1_292' title='bbox 574 3897 654 3960; x_wconf 85' lang='lat' dir='ltr'>vites</span> <span class='ocrx_word' id='word_1_293' title='bbox 677 3905 793 3960; x_wconf 87' lang='lat' dir='ltr'>natura</span> <span class='ocrx_word' id='word_1_294' title='bbox 816 3898 955 3960; x_wconf 88' lang='lat' dir='ltr'>caducae</span> <span class='ocrx_word' id='word_1_295' title='bbox 979 3898 1010 3958; x_wconf 93' lang='lat' dir='ltr'>in</span> <span class='ocrx_word' id='word_1_296' title='bbox 1030 3897 1132 3960; x_wconf 87' lang='lat' dir='ltr'>Lesbo</span> <span class='ocrx_word' id='word_1_297' title='bbox 1156 3895 1261 3960; x_wconf 90' lang='lat' dir='ltr'>insula</span> <span class='ocrx_word' id='word_1_298' title='bbox 1285 3917 1345 3959; x_wconf 93' lang='lat' dir='ltr'>non</span> <span class='ocrx_word' id='word_1_299' title='bbox 1368 3895 1575 3976; x_wconf 83' lang='lat' dir='ltr'>alligarentur</span> <span class='ocrx_word' id='word_1_300' title='bbox 1597 3895 1638 3958; x_wconf 91' lang='lat' dir='ltr'>ad</span> <span class='ocrx_word' id='word_1_301' title='bbox 1662 3893 1791 3958; x_wconf 85' lang='lat' dir='ltr'>arbores</span> <span class='ocrx_word' id='word_1_302' title='bbox 1814 3895 1956 3970; x_wconf 84' lang='lat' dir='ltr'>sedesve,</span> 
     </span>
     <span class='ocr_line' id='line_1_32' title="bbox 311 3982 1959 4080; baseline -0.002 -19"><span class='ocrx_word' id='word_1_303' title='bbox 311 3999 368 4062; x_wconf 88' lang='lat' dir='ltr'>sed</span> <span class='ocrx_word' id='word_1_304' title='bbox 390 4005 427 4059; x_wconf 91' lang='lat' dir='ltr'>ut</span> <span class='ocrx_word' id='word_1_305' title='bbox 449 3996 568 4060; x_wconf 90' lang='lat' dir='ltr'>hodera</span> <span class='ocrx_word' id='word_1_306' title='bbox 591 3999 681 4080; x_wconf 89' lang='lat' dir='ltr'>quasi</span> <span class='ocrx_word' id='word_1_307' title='bbox 703 3999 817 4062; x_wconf 88' lang='lat' dir='ltr'>viduae</span> <span class='ocrx_word' id='word_1_308' title='bbox 840 3999 1009 4079; x_wconf 88' lang='lat' dir='ltr'>multiplici</span> <span class='ocrx_word' id='word_1_309' title='bbox 1033 3998 1126 4079; x_wconf 88' lang='lat' dir='ltr'>lapsu</span> <span class='ocrx_word' id='word_1_310' title='bbox 1149 4005 1315 4078; x_wconf 86' lang='lat' dir='ltr'>serperent</span> <span class='ocrx_word' id='word_1_311' title='bbox 1330 3982 1441 4073; x_wconf 84' lang='lat' dir='ltr'>humi,</span> <span class='ocrx_word' id='word_1_312' title='bbox 1471 3997 1505 4058; x_wconf 93' lang='lat' dir='ltr'>id</span> <span class='ocrx_word' id='word_1_313' title='bbox 1527 3997 1610 4077; x_wconf 91' lang='lat' dir='ltr'>quod</span> <span class='ocrx_word' id='word_1_314' title='bbox 1633 3995 1759 4076; x_wconf 91' lang='lat' dir='ltr'>Longus</span> <span class='ocrx_word' id='word_1_315' title='bbox 1789 3995 1848 4078; x_wconf 77' lang='lat' dir='ltr'>(im</span> <span class='ocrx_word' id='word_1_316' title='bbox 1873 4023 1959 4079; x_wconf 73' lang='grc' dir='ltr'><strong><em>,ποι-</em></strong></span> 
     </span>
     <span class='ocr_line' id='line_1_33' title="bbox 311 4095 1958 4187; baseline -0.006 -19"><span class='ocrx_word' id='word_1_317' title='bbox 311 4105 529 4187; x_wconf 70' lang='lat' dir='ltr'>permanead</span> <span class='ocrx_word' id='word_1_318' title='bbox 553 4109 681 4186; x_wconf 76' lang='grc' dir='ltr'><strong><em>Δάφνιν</em></strong></span> <span class='ocrx_word' id='word_1_319' title='bbox 703 4103 756 4169; x_wconf 80' lang='grc' dir='ltr'>καὶ</span> <span class='ocrx_word' id='word_1_320' title='bbox 780 4105 901 4185; x_wconf 73' lang='lat' dir='ltr'>Xioqn‘</span> <span class='ocrx_word' id='word_1_321' title='bbox 925 4099 978 4162; x_wconf 91' lang='lat' dir='ltr'>lib.</span> <span class='ocrx_word' id='word_1_322' title='bbox 1004 4099 1034 4162; x_wconf 90' lang='lat' dir='ltr'>ll</span> <span class='ocrx_word' id='word_1_323' title='bbox 1059 4104 1090 4178; x_wconf 91' lang='lat' dir='ltr'>l)</span> <span class='ocrx_word' id='word_1_324' title='bbox 1113 4107 1258 4163; x_wconf 85' lang='lat' dir='ltr'>testetur.</span> <span class='ocrx_word' id='word_1_325' title='bbox 1305 4099 1361 4162; x_wconf 85' lang='lat' dir='ltr'>Cui</span> <span class='ocrx_word' id='word_1_326' title='bbox 1385 4099 1511 4161; x_wconf 86' lang='lat' dir='ltr'>accedit</span> <span class='ocrx_word' id='word_1_327' title='bbox 1532 4097 1642 4164; x_wconf 81' lang='lat' dir='ltr'>Varro.</span> <span class='ocrx_word' id='word_1_328' title='bbox 1667 4098 1719 4178; x_wconf 89' lang='lat' dir='ltr'>qui</span> <span class='ocrx_word' id='word_1_329' title='bbox 1741 4101 1781 4180; x_wconf 84' lang='lat' dir='ltr'>(r.</span> <span class='ocrx_word' id='word_1_330' title='bbox 1800 4118 1824 4162; x_wconf 88' lang='lat' dir='ltr'>r.</span> <span class='ocrx_word' id='word_1_331' title='bbox 1848 4095 1914 4173; x_wconf 79' lang='lat'>18,</span> <span class='ocrx_word' id='word_1_332' title='bbox 1938 4097 1958 4158; x_wconf 75' lang='grc' dir='ltr'>ὃ</span> 
     </span>
     <span class='ocr_line' id='line_1_34' title="bbox 312 4199 1959 4282; baseline -0.001 -19"><span class='ocrx_word' id='word_1_333' title='bbox 312 4201 361 4264; x_wconf 87' lang='lat' dir='ltr'>ed.</span> <span class='ocrx_word' id='word_1_334' title='bbox 386 4199 482 4268; x_wconf 68' lang='lat' dir='ltr'>Keil.)</span> <span class='ocrx_word' id='word_1_335' title='bbox 512 4201 622 4263; x_wconf 89' lang='lat' dir='ltr'>vineae</span> <span class='ocrx_word' id='word_1_336' title='bbox 653 4222 751 4282; x_wconf 86' lang='lat' dir='ltr'>genus</span> <span class='ocrx_word' id='word_1_337' title='bbox 781 4200 842 4264; x_wconf 91' lang='lat' dir='ltr'>hoc</span> <span class='ocrx_word' id='word_1_338' title='bbox 873 4203 1028 4278; x_wconf 87' lang='lat' dir='ltr'>nominat,</span> <span class='ocrx_word' id='word_1_339' title='bbox 1064 4201 1105 4277; x_wconf 87' lang='lat' dir='ltr'>,in</span> <span class='ocrx_word' id='word_1_340' title='bbox 1137 4223 1199 4282; x_wconf 91' lang='lat' dir='ltr'>quo</span> <span class='ocrx_word' id='word_1_341' title='bbox 1229 4209 1316 4263; x_wconf 85' lang='lat' dir='ltr'>terra</span> <span class='ocrx_word' id='word_1_342' title='bbox 1343 4199 1461 4262; x_wconf 86' lang='lat' dir='ltr'>cubilia</span> <span class='ocrx_word' id='word_1_343' title='bbox 1489 4199 1623 4280; x_wconf 85' lang='lat' dir='ltr'>praebet</span> <span class='ocrx_word' id='word_1_344' title='bbox 1652 4199 1728 4275; x_wconf 83' lang='lat' dir='ltr'>uvis,</span> <span class='ocrx_word' id='word_1_345' title='bbox 1763 4205 1799 4260; x_wconf 93' lang='lat' dir='ltr'>ut</span> <span class='ocrx_word' id='word_1_346' title='bbox 1827 4199 1860 4260; x_wconf 92' lang='lat' dir='ltr'>in</span> <span class='ocrx_word' id='word_1_347' title='bbox 1882 4200 1959 4262; x_wconf 85' lang='lat' dir='ltr'>Asia</span> 
     </span>
     <span class='ocr_line' id='line_1_35' title="bbox 310 4299 1958 4384; baseline -0.001 -19"><span class='ocrx_word' id='word_1_348' title='bbox 310 4302 421 4366; x_wconf 91' lang='lat' dir='ltr'>multis</span> <span class='ocrx_word' id='word_1_349' title='bbox 448 4302 545 4366; x_wconf 89' lang='lat' dir='ltr'>locis‘.</span> <span class='ocrx_word' id='word_1_350' title='bbox 592 4301 734 4365; x_wconf 86' lang='lat' dir='ltr'>Conl&#39;erri</span> <span class='ocrx_word' id='word_1_351' title='bbox 764 4323 891 4383; x_wconf 88' lang='lat' dir='ltr'>quoquo</span> <span class='ocrx_word' id='word_1_352' title='bbox 913 4309 1047 4383; x_wconf 91' lang='lat' dir='ltr'>possunt</span> <span class='ocrx_word' id='word_1_353' title='bbox 1070 4323 1212 4384; x_wconf 88' lang='lat' dir='ltr'>eaquae</span> <span class='ocrx_word' id='word_1_354' title='bbox 1235 4301 1379 4365; x_wconf 91' lang='lat' dir='ltr'>Hehnius</span> <span class='ocrx_word' id='word_1_355' title='bbox 1402 4300 1434 4379; x_wconf 80' lang='lat' dir='ltr'>(l.</span> <span class='ocrx_word' id='word_1_356' title='bbox 1458 4301 1526 4382; x_wconf 86' lang='lat' dir='ltr'>lp.</span> <span class='ocrx_word' id='word_1_357' title='bbox 1548 4303 1589 4364; x_wconf 77' lang='lat' dir='ltr'>aa</span> <span class='ocrx_word' id='word_1_358' title='bbox 1612 4322 1659 4381; x_wconf 91' lang='lat' dir='ltr'>sq.</span> <span class='ocrx_word' id='word_1_359' title='bbox 1684 4308 1716 4362; x_wconf 93' lang='lat' dir='ltr'>et</span> <span class='ocrx_word' id='word_1_360' title='bbox 1737 4301 1814 4374; x_wconf 74' lang='grc'>499)</span> <span class='ocrx_word' id='word_1_361' title='bbox 1837 4299 1896 4364; x_wconf 91' lang='lat' dir='ltr'>hac</span> <span class='ocrx_word' id='word_1_362' title='bbox 1919 4302 1958 4364; x_wconf 89' lang='lat' dir='ltr'>dc</span> 
     </span>
     <span class='ocr_line' id='line_1_36' title="bbox 311 4402 1959 4487; baseline -0.001 -20"><span class='ocrx_word' id='word_1_363' title='bbox 311 4425 346 4468; x_wconf 89' lang='lat' dir='ltr'>re</span> <span class='ocrx_word' id='word_1_364' title='bbox 368 4404 466 4485; x_wconf 88' lang='lat' dir='ltr'>probe</span> <span class='ocrx_word' id='word_1_365' title='bbox 489 4405 657 4486; x_wconf 84' lang='lat' dir='ltr'>diputarit.</span> <span class='ocrx_word' id='word_1_366' title='bbox 675 4405 814 4485; x_wconf 47' lang='lat' dir='ltr'>ah&#39;equc</span> <span class='ocrx_word' id='word_1_367' title='bbox 842 4425 915 4468; x_wconf 88' lang='lat' dir='ltr'>vero</span> <span class='ocrx_word' id='word_1_368' title='bbox 946 4405 978 4466; x_wconf 91' lang='lat' dir='ltr'>id</span> <span class='ocrx_word' id='word_1_369' title='bbox 1002 4406 1130 4487; x_wconf 88' lang='lat' dir='ltr'>quidem</span> <span class='ocrx_word' id='word_1_370' title='bbox 1161 4405 1245 4481; x_wconf 83' lang='lat' dir='ltr'>quod</span> <span class='ocrx_word' id='word_1_371' title='bbox 1269 4403 1460 4468; x_wconf 87' lang='lat' dir='ltr'>Leutschius</span> <span class='ocrx_word' id='word_1_372' title='bbox 1491 4403 1618 4483; x_wconf 83' lang='lat' dir='ltr'>negavit</span> <span class='ocrx_word' id='word_1_373' title='bbox 1646 4403 1772 4466; x_wconf 92' lang='lat' dir='ltr'>omnino</span> <span class='ocrx_word' id='word_1_374' title='bbox 1802 4403 1835 4464; x_wconf 93' lang='lat' dir='ltr'>in</span> <span class='ocrx_word' id='word_1_375' title='bbox 1858 4402 1959 4466; x_wconf 90' lang='lat' dir='ltr'>Lesbo</span> 
     </span>
     <span class='ocr_line' id='line_1_37' title="bbox 312 4503 1959 4588; baseline 0 -20"><span class='ocrx_word' id='word_1_376' title='bbox 312 4506 417 4570; x_wconf 90' lang='lat' dir='ltr'>insula</span> <span class='ocrx_word' id='word_1_377' title='bbox 445 4507 525 4570; x_wconf 86' lang='lat' dir='ltr'>vites</span> <span class='ocrx_word' id='word_1_378' title='bbox 552 4506 729 4588; x_wconf 89' lang='lat' dir='ltr'>applicatas</span> <span class='ocrx_word' id='word_1_379' title='bbox 759 4507 858 4570; x_wconf 82' lang='lat' dir='ltr'>luisse</span> <span class='ocrx_word' id='word_1_380' title='bbox 880 4505 1047 4570; x_wconf 86' lang='lat' dir='ltr'>arboribus</span> <span class='ocrx_word' id='word_1_381' title='bbox 1076 4527 1186 4569; x_wconf 86' lang='lat' dir='ltr'>verum</span> <span class='ocrx_word' id='word_1_382' title='bbox 1216 4527 1295 4582; x_wconf 89' lang='lat' dir='ltr'>esse,</span> <span class='ocrx_word' id='word_1_383' title='bbox 1325 4506 1390 4567; x_wconf 88' lang='lat' dir='ltr'>iam</span> <span class='ocrx_word' id='word_1_384' title='bbox 1413 4525 1449 4568; x_wconf 90' lang='lat' dir='ltr'>eo</span> <span class='ocrx_word' id='word_1_385' title='bbox 1472 4503 1691 4580; x_wconf 86' lang='lat' dir='ltr'>confirmatur,</span> <span class='ocrx_word' id='word_1_386' title='bbox 1721 4504 1807 4585; x_wconf 92' lang='lat' dir='ltr'>quod</span> <span class='ocrx_word' id='word_1_387' title='bbox 1830 4504 1959 4586; x_wconf 90' lang='lat' dir='ltr'>Sappho</span> 
     </span>
     <span class='ocr_line' id='line_1_38' title="bbox 312 4605 1959 4695; baseline -0.001 -26"><span class='ocrx_word' id='word_1_388' title='bbox 312 4607 392 4688; x_wconf 87' lang='lat' dir='ltr'>ipsa,</span> <span class='ocrx_word' id='word_1_389' title='bbox 416 4615 452 4670; x_wconf 93' lang='lat' dir='ltr'>ut</span> <span class='ocrx_word' id='word_1_390' title='bbox 474 4607 620 4671; x_wconf 89' lang='lat' dir='ltr'>llehuius</span> <span class='ocrx_word' id='word_1_391' title='bbox 643 4608 809 4683; x_wconf 83' lang='lat' dir='ltr'>irulicavit,</span> <span class='ocrx_word' id='word_1_392' title='bbox 839 4629 944 4671; x_wconf 83' lang='lat' dir='ltr'>rocem</span> <span class='ocrx_word' id='word_1_393' title='bbox 974 4613 1180 4695; x_wconf 70' lang='grc' dir='ltr'>ρμαμάξαδες</span> <span class='ocrx_word' id='word_1_394' title='bbox 1201 4615 1240 4689; x_wconf 87' lang='lat' dir='ltr'>(v.</span> <span class='ocrx_word' id='word_1_395' title='bbox 1265 4609 1301 4672; x_wconf 84' lang='lat' dir='ltr'>l&#39;r.</span> <span class='ocrx_word' id='word_1_396' title='bbox 1328 4608 1403 4687; x_wconf 69' lang='lat' dir='ltr'>leo)</span> <span class='ocrx_word' id='word_1_397' title='bbox 1432 4607 1605 4687; x_wconf 88' lang='lat' dir='ltr'>usurpavit.</span> <span class='ocrx_word' id='word_1_398' title='bbox 1652 4605 1713 4668; x_wconf 85' lang='lat' dir='ltr'>Sed</span> <span class='ocrx_word' id='word_1_399' title='bbox 1742 4607 1862 4687; x_wconf 90' lang='lat' dir='ltr'>optimo</span> <span class='ocrx_word' id='word_1_400' title='bbox 1892 4607 1959 4668; x_wconf 90' lang='lat' dir='ltr'>iure</span> 
     </span>
     <span class='ocr_line' id='line_1_39' title="bbox 314 4706 1957 4791; baseline -0.002 -18"><span class='ocrx_word' id='word_1_401' title='bbox 314 4712 570 4774; x_wconf 88' lang='lat' dir='ltr'>commemoravit</span> <span class='ocrx_word' id='word_1_402' title='bbox 592 4709 787 4774; x_wconf 85' lang='lat' dir='ltr'>Schmidtius</span> <span class='ocrx_word' id='word_1_403' title='bbox 812 4733 881 4772; x_wconf 86' lang='lat' dir='ltr'>eam</span> <span class='ocrx_word' id='word_1_404' title='bbox 904 4733 985 4791; x_wconf 88' lang='lat' dir='ltr'>quae</span> <span class='ocrx_word' id='word_1_405' title='bbox 1008 4711 1039 4773; x_wconf 91' lang='lat' dir='ltr'>in</span> <span class='ocrx_word' id='word_1_406' title='bbox 1069 4713 1153 4774; x_wconf 91' lang='lat' dir='ltr'>nudo</span> <span class='ocrx_word' id='word_1_407' title='bbox 1183 4731 1258 4774; x_wconf 82' lang='lat' dir='ltr'>arvo</span> <span class='ocrx_word' id='word_1_408' title='bbox 1289 4711 1430 4773; x_wconf 89' lang='lat' dir='ltr'>nascitur</span> <span class='ocrx_word' id='word_1_409' title='bbox 1452 4709 1549 4771; x_wconf 88' lang='lat' dir='ltr'>vitem</span> <span class='ocrx_word' id='word_1_410' title='bbox 1571 4728 1591 4770; x_wconf 91' lang='lat' dir='ltr'>a</span> <span class='ocrx_word' id='word_1_411' title='bbox 1613 4706 1728 4770; x_wconf 89' lang='lat' dir='ltr'>Lesbia</span> <span class='ocrx_word' id='word_1_412' title='bbox 1749 4709 1874 4789; x_wconf 75' lang='lat' dir='ltr'>poetria</span> <span class='ocrx_word' id='word_1_413' title='bbox 1896 4709 1957 4770; x_wconf 92' lang='lat' dir='ltr'>dici</span> 
     </span>
     <span class='ocr_line' id='line_1_40' title="bbox 312 4807 1959 4895; baseline -0.002 -21"><span class='ocrx_word' id='word_1_414' title='bbox 312 4833 373 4876; x_wconf 90' lang='lat' dir='ltr'>non</span> <span class='ocrx_word' id='word_1_415' title='bbox 396 4813 539 4894; x_wconf 88' lang='lat' dir='ltr'>potuisse</span> <span class='ocrx_word' id='word_1_416' title='bbox 560 4833 732 4892; x_wconf 84' lang='lat' dir='ltr'>numquam</span> <span class='ocrx_word' id='word_1_417' title='bbox 755 4812 865 4873; x_wconf 89' lang='lat' dir='ltr'>mitem</span> <span class='ocrx_word' id='word_1_418' title='bbox 888 4832 980 4874; x_wconf 85' lang='lat' dir='ltr'>uvam</span> <span class='ocrx_word' id='word_1_419' title='bbox 1005 4812 1140 4873; x_wconf 87' lang='lat' dir='ltr'>educare</span> <span class='ocrx_word' id='word_1_420' title='bbox 1164 4819 1221 4873; x_wconf 88' lang='lat' dir='ltr'>aut</span> <span class='ocrx_word' id='word_1_421' title='bbox 1242 4831 1261 4873; x_wconf 91' lang='lat' dir='ltr'>a</span> <span class='ocrx_word' id='word_1_422' title='bbox 1279 4810 1373 4873; x_wconf 90' lang='lat' dir='ltr'>nullis</span> <span class='ocrx_word' id='word_1_423' title='bbox 1395 4809 1543 4891; x_wconf 85' lang='lat' dir='ltr'>agricolis</span> <span class='ocrx_word' id='word_1_424' title='bbox 1562 4816 1593 4870; x_wconf 86' lang='lat' dir='ltr'>et</span> <span class='ocrx_word' id='word_1_425' title='bbox 1610 4809 1750 4872; x_wconf 85' lang='lat' dir='ltr'>iuvencis</span> <span class='ocrx_word' id='word_1_426' title='bbox 1768 4809 1842 4895; x_wconf 74' lang='lat' dir='ltr'>coli.</span> <span class='ocrx_word' id='word_1_427' title='bbox 1881 4807 1959 4870; x_wconf 89' lang='lat' dir='ltr'>lude</span> 
     </span>
     <span class='ocr_line' id='line_1_41' title="bbox 313 4909 1959 4994; baseline -0.003 -18"><span class='ocrx_word' id='word_1_428' title='bbox 313 4921 423 4994; x_wconf 88' lang='lat' dir='ltr'>patere</span> <span class='ocrx_word' id='word_1_429' title='bbox 444 4914 523 4976; x_wconf 88' lang='lat' dir='ltr'>mihi</span> <span class='ocrx_word' id='word_1_430' title='bbox 545 4913 672 4976; x_wconf 86' lang='lat' dir='ltr'>videtur</span> <span class='ocrx_word' id='word_1_431' title='bbox 694 4912 854 4976; x_wconf 87' lang='lat' dir='ltr'>Catullum</span> <span class='ocrx_word' id='word_1_432' title='bbox 881 4911 942 4974; x_wconf 90' lang='lat' dir='ltr'>hoo</span> <span class='ocrx_word' id='word_1_433' title='bbox 969 4912 1037 4975; x_wconf 92' lang='lat' dir='ltr'>loeo</span> <span class='ocrx_word' id='word_1_434' title='bbox 1061 4912 1151 4974; x_wconf 88' lang='lat' dir='ltr'>illum</span> <span class='ocrx_word' id='word_1_435' title='bbox 1173 4933 1294 4974; x_wconf 90' lang='lat' dir='ltr'>morem</span> <span class='ocrx_word' id='word_1_436' title='bbox 1317 4911 1440 4975; x_wconf 88' lang='lat' dir='ltr'>Lesbiis</span> <span class='ocrx_word' id='word_1_437' title='bbox 1464 4912 1620 4990; x_wconf 75' lang='lat' dir='ltr'>Asiaeque</span> <span class='ocrx_word' id='word_1_438' title='bbox 1643 4909 1753 4972; x_wconf 88' lang='lat' dir='ltr'>incolis</span> <span class='ocrx_word' id='word_1_439' title='bbox 1776 4909 1904 4972; x_wconf 87' lang='lat' dir='ltr'>solitum</span> <span class='ocrx_word' id='word_1_440' title='bbox 1927 4910 1959 4972; x_wconf 90' lang='lat' dir='ltr'>in</span> 
     </span>
     <span class='ocr_line' id='line_1_42' title="bbox 313 5011 1961 5097; baseline -0.005 -17"><span class='ocrx_word' id='word_1_441' title='bbox 313 5018 507 5080; x_wconf 87' lang='lat' dir='ltr'>contrariom</span> <span class='ocrx_word' id='word_1_442' title='bbox 530 5017 703 5080; x_wconf 78' lang='lat' dir='ltr'>mutavisse</span> <span class='ocrx_word' id='word_1_443' title='bbox 729 5017 899 5097; x_wconf 87' lang='lat' dir='ltr'>potiusque</span> <span class='ocrx_word' id='word_1_444' title='bbox 926 5014 1073 5077; x_wconf 85' lang='lat' dir='ltr'>italicam</span> <span class='ocrx_word' id='word_1_445' title='bbox 1098 5015 1210 5076; x_wconf 91' lang='lat' dir='ltr'>vitium</span> <span class='ocrx_word' id='word_1_446' title='bbox 1241 5013 1400 5076; x_wconf 88' lang='lat' dir='ltr'>culturam</span> <span class='ocrx_word' id='word_1_447' title='bbox 1428 5012 1608 5075; x_wconf 86' lang='lat' dir='ltr'>reddidisse</span> <span class='ocrx_word' id='word_1_448' title='bbox 1637 5011 1707 5095; x_wconf 84' lang='lat' dir='ltr'>(cfr.</span> <span class='ocrx_word' id='word_1_449' title='bbox 1732 5013 1773 5072; x_wconf 90' lang='lat' dir='ltr'>ad</span> <span class='ocrx_word' id='word_1_450' title='bbox 1796 5033 1839 5072; x_wconf 83' lang='lat' dir='ltr'>vv.</span> <span class='ocrx_word' id='word_1_451' title='bbox 1864 5012 1905 5072; x_wconf 89' lang='grc'>49</span> <span class='ocrx_word' id='word_1_452' title='bbox 1929 5019 1961 5074; x_wconf 89' lang='lat' dir='ltr'>et</span> 
     </span>
     <span class='ocr_line' id='line_1_43' title="bbox 313 5112 1959 5202; baseline -0.004 -21"><span class='ocrx_word' id='word_1_453' title='bbox 313 5119 375 5202; x_wconf 81' lang='lat'>54).</span> <span class='ocrx_word' id='word_1_454' title='bbox 415 5117 483 5181; x_wconf 85' lang='lat' dir='ltr'>Nec</span> <span class='ocrx_word' id='word_1_455' title='bbox 505 5139 579 5180; x_wconf 86' lang='lat' dir='ltr'>voro</span> <span class='ocrx_word' id='word_1_456' title='bbox 602 5119 791 5181; x_wconf 90' lang='lat' dir='ltr'>crediderim</span> <span class='ocrx_word' id='word_1_457' title='bbox 815 5116 974 5180; x_wconf 85' lang='lat' dir='ltr'>Catullum</span> <span class='ocrx_word' id='word_1_458' title='bbox 998 5115 1168 5196; x_wconf 87' lang='lat' dir='ltr'>imaginem</span> <span class='ocrx_word' id='word_1_459' title='bbox 1192 5115 1278 5178; x_wconf 87' lang='lat' dir='ltr'>illam</span> <span class='ocrx_word' id='word_1_460' title='bbox 1302 5116 1376 5178; x_wconf 84' lang='lat' dir='ltr'>ritis</span> <span class='ocrx_word' id='word_1_461' title='bbox 1399 5115 1441 5178; x_wconf 87' lang='lat' dir='ltr'>ad</span> <span class='ocrx_word' id='word_1_462' title='bbox 1465 5114 1584 5177; x_wconf 88' lang='lat' dir='ltr'>ulmum</span> <span class='ocrx_word' id='word_1_463' title='bbox 1608 5112 1786 5194; x_wconf 88' lang='lat' dir='ltr'>applicatae</span> <span class='ocrx_word' id='word_1_464' title='bbox 1810 5133 1848 5174; x_wconf 81' lang='lat' dir='ltr'>es</span> <span class='ocrx_word' id='word_1_465' title='bbox 1871 5113 1959 5194; x_wconf 68' lang='lat' dir='ltr'>poesi</span> 
     </span>
    </p>
   </div>
   <div class='ocr_carea' id='block_1_6' title="bbox 0 0 2357 5764">
    <p class='ocr_par' dir='ltr' id='par_1_9' title="bbox 0 0 2357 5764">
     <span class='ocr_line' id='line_1_44' title="bbox 0 0 2357 5764; baseline 0 0"><span class='ocrx_word' id='word_1_466' title='bbox 0 0 2357 5764; x_wconf 95' lang='lat' dir='ltr'> </span> 
     </span>
    </p>
   </div>
  </div>
 </body>
</html>
